symbol,isin,trade_date,exchange,segment,series,trade_type,auction,quantity,price,trade_id,order_id,order_execution_time
JINDALSAW,INE324A01032,2025-09-11,NSE,EQ,EQ,BUY,FALSE,1,202.03,205791029,NA,NA
TATAMOTORS,INE155A01022,2025-09-10,NSE,EQ,EQ,SELL,FALSE,10,711.0,600677908,NA,NA
POLYPLEX,INE633B01018,2025-09-10,NSE,EQ,EQ,BUY,FALSE,3,1030.7,400526721,NA,NA
POLYPLEX,INE633B01018,2025-09-10,NSE,EQ,EQ,BUY,FALSE,2,1031.6,400526722,NA,NA
JINDALSAW,INE324A01032,2025-09-10,BSE,EQ,EQ,BUY,FALSE,7,203.15,81000,NA,NA
JINDALSAW,INE324A01032,2025-09-10,BSE,EQ,EQ,BUY,FALSE,9,203.2,81200,NA,NA
JINDALSAW,INE324A01032,2025-09-10,BSE,EQ,EQ,BUY,FALSE,4,203.45,81400,NA,NA
POLYPLEX,INE633B01018,2025-09-03,BSE,EQ,EQ,BUY,FALSE,1,1021.8,3270100,NA,NA
JINDALSAW,INE324A01032,2025-09-01,NSE,EQ,EQ,BUY,FALSE,20,199.77,201578432,NA,NA
OLAELEC,INE0LXG01040,2025-09-01,BSE,EQ,EQ,SELL,FALSE,50,57.68,5804600,NA,NA
POLYPLEX,INE633B01018,2025-08-22,NSE,EQ,EQ,BUY,FALSE,2,1027.0,402498817,NA,NA
OLAELEC,INE0LXG01040,2025-08-21,NSE,EQ,EQ,SELL,FALSE,100,49.83,401172145,NA,NA
TATAMOTORS,INE155A01022,2025-08-19,NSE,EQ,EQ,SELL,FALSE,5,702.6,602728086,NA,NA
JINDALSAW,INE324A01032,2025-08-19,NSE,EQ,EQ,BUY,FALSE,5,205.31,206672600,NA,NA
JINDALSAW,INE324A01032,2025-08-19,NSE,EQ,EQ,BUY,FALSE,4,205.31,206672601,NA,NA
JINDALSAW,INE324A01032,2025-08-19,NSE,EQ,EQ,BUY,FALSE,4,205.32,206672602,NA,NA
JINDALSAW,INE324A01032,2025-08-19,NSE,EQ,EQ,BUY,FALSE,7,205.32,206672603,NA,NA
TATATECH,INE142M01025,2025-08-14,NSE,EQ,EQ,BUY,FALSE,4,670.0,600127221,NA,NA
TATATECH,INE142M01025,2025-08-14,NSE,EQ,EQ,BUY,FALSE,1,670.0,600127222,NA,NA
BAJAJHFL,INE377Y01014,2025-08-14,BSE,EQ,EQ,BUY,FALSE,20,113.95,1312900,NA,NA
AARTIIND,INE769A01020,2025-08-13,NSE,EQ,EQ,BUY,FALSE,10,380.25,471694,NA,NA
OLAELEC,INE0LXG01040,2025-08-13,BSE,EQ,EQ,BUY,FALSE,20,40.56,2423900,NA,NA
TATAMOTORS,INE155A01022,2025-08-11,NSE,EQ,EQ,BUY,FALSE,5,645.0,601630270,NA,NA
TATAMOTORS,INE155A01022,2025-08-08,BSE,EQ,EQ,BUY,FALSE,1,652.4,322800,NA,NA
TATAMOTORS,INE155A01022,2025-08-08,BSE,EQ,EQ,BUY,FALSE,4,652.45,323000,NA,NA
TATAINVEST,INE672A01018,2025-08-07,NSE,EQ,EQ,SELL,FALSE,2,6920.5,601188523,NA,NA
TCS,INE467B01029,2025-08-04,NSE,EQ,EQ,BUY,FALSE,5,3051.0,605656977,NA,NA
JINDALSAW,INE324A01032,2025-08-04,NSE,EQ,EQ,BUY,FALSE,20,210.3,206528425,NA,NA
PNCINFRA,INE195J01029,2025-07-31,BSE,EQ,EQ,SELL,FALSE,8,316.6,8629900,NA,NA
PNCINFRA,INE195J01029,2025-07-31,BSE,EQ,EQ,SELL,FALSE,12,316.55,8630100,NA,NA
BAJAJHFL,INE377Y01014,2025-07-30,NSE,EQ,EQ,BUY,FALSE,30,117.0,705113,NA,NA
JINDALSAW,INE324A01032,2025-07-29,BSE,EQ,EQ,BUY,FALSE,10,215.15,87600,NA,NA
PNCINFRA,INE195J01029,2025-07-28,NSE,EQ,EQ,BUY,FALSE,3,304.35,401896381,NA,NA
PNCINFRA,INE195J01029,2025-07-28,NSE,EQ,EQ,BUY,FALSE,7,304.35,401897583,NA,NA
POLYPLEX,INE633B01018,2025-07-24,NSE,EQ,EQ,BUY,FALSE,9,1135.0,400387624,NA,NA
POLYPLEX,INE633B01018,2025-07-24,NSE,EQ,EQ,BUY,FALSE,1,1135.0,400387625,NA,NA
TATAMOTORS,INE155A01022,2025-07-23,NSE,EQ,EQ,BUY,FALSE,5,690.0,600477672,NA,NA
OLAELEC,INE0LXG01040,2025-07-23,BSE,EQ,EQ,BUY,FALSE,30,40.98,4503900,NA,NA
JINDALSAW,INE324A01032,2025-07-22,BSE,EQ,EQ,BUY,FALSE,10,229.4,559800,NA,NA
ASIANPAINT,INE021A01026,2025-07-21,BSE,EQ,EQ,SELL,FALSE,1,2370.05,4446500,NA,NA
PNCINFRA,INE195J01029,2025-07-17,BSE,EQ,EQ,SELL,FALSE,20,330.2,1794600,NA,NA
OLAELEC,INE0LXG01040,2025-07-14,NSE,EQ,EQ,BUY,FALSE,20,40.75,402532003,NA,NA
JINDALSAW,INE324A01032,2025-07-11,NSE,EQ,EQ,BUY,FALSE,10,228.5,201230081,NA,NA
PNCINFRA,INE195J01029,2025-07-09,NSE,EQ,EQ,BUY,FALSE,10,304.85,407137481,NA,NA
JINDALSAW,INE324A01032,2025-07-07,NSE,EQ,EQ,BUY,FALSE,10,231.55,205931391,NA,NA
PNCINFRA,INE195J01029,2025-06-27,NSE,EQ,EQ,BUY,FALSE,10,304.0,402861600,NA,NA
TATATECH,INE142M01025,2025-06-27,NSE,EQ,EQ,BUY,FALSE,5,715.0,600571905,NA,NA
TATAMOTORS,INE155A01022,2025-06-27,NSE,EQ,EQ,BUY,FALSE,5,690.0,600499320,NA,NA
OLAELEC,INE0LXG01040,2025-06-27,NSE,EQ,EQ,BUY,FALSE,30,44.25,402401311,NA,NA
JINDALSAW,INE324A01032,2025-06-26,NSE,EQ,EQ,BUY,FALSE,49,240.69,206380715,NA,NA
JINDALSAW,INE324A01032,2025-06-26,NSE,EQ,EQ,BUY,FALSE,1,240.69,206090392,NA,NA
TATATECH,INE142M01025,2025-06-25,NSE,EQ,EQ,BUY,FALSE,3,700.8,603605036,NA,NA
TATAMOTORS,INE155A01022,2025-06-25,NSE,EQ,EQ,BUY,FALSE,5,675.5,603620840,NA,NA
BAJAJHFL,INE377Y01014,2025-06-20,NSE,EQ,EQ,BUY,FALSE,20,119.5,5456326,NA,NA
OLAELEC,INE0LXG01040,2025-06-17,NSE,EQ,EQ,BUY,FALSE,20,47.5,400931574,NA,NA
TATAMOTORS,INE155A01022,2025-06-16,NSE,EQ,EQ,BUY,FALSE,5,685.0,603841049,NA,NA
SOUTHBANK,INE683A01023,2025-06-13,NSE,EQ,EQ,SELL,FALSE,144,28.91,600076419,NA,NA
SOUTHBANK,INE683A01023,2025-06-13,NSE,EQ,EQ,SELL,FALSE,456,28.91,600076420,NA,NA
ASIANPAINT,INE021A01026,2025-06-10,NSE,EQ,EQ,BUY,FALSE,1,2222.9,5885507,NA,NA
PNCINFRA,INE195J01029,2025-06-05,NSE,EQ,EQ,SELL,FALSE,10,299.85,401360351,NA,NA
AARTIIND,INE769A01020,2025-05-21,NSE,EQ,EQ,SELL,FALSE,10,469.3,3771868,NA,NA
TATAMOTORS,INE155A01022,2025-05-20,NSE,EQ,EQ,SELL,FALSE,5,722.0,605596937,NA,NA
OLAELEC,INE0LXG01040,2025-05-20,NSE,EQ,EQ,BUY,FALSE,10,51.64,405304084,NA,NA
COCHINSHIP,INE704P01025,2025-05-19,NSE,EQ,EQ,SELL,FALSE,11,1990.0,2120496,NA,NA
PNCINFRA,INE195J01029,2025-05-14,NSE,EQ,EQ,BUY,FALSE,1,262.6,400031324,NA,NA
PNCINFRA,INE195J01029,2025-05-14,NSE,EQ,EQ,BUY,FALSE,2,262.8,400031325,NA,NA
PNCINFRA,INE195J01029,2025-05-14,NSE,EQ,EQ,BUY,FALSE,7,262.85,400031326,NA,NA
YUKEN,INE384C01016,2025-05-14,NSE,EQ,EQ,SELL,FALSE,3,852.8,600109452,NA,NA
YUKEN,INE384C01016,2025-05-14,NSE,EQ,EQ,SELL,FALSE,7,852.75,600109453,NA,NA
TATAMOTORS,INE155A01022,2025-05-13,NSE,EQ,EQ,SELL,FALSE,5,705.0,607671324,NA,NA
TATATECH,INE142M01025,2025-05-12,NSE,EQ,EQ,BUY,FALSE,5,685.0,604499918,NA,NA
YUKEN,INE384C01016,2025-05-08,NSE,EQ,EQ,BUY,FALSE,5,795.0,600211421,NA,NA
OLAELEC,INE0LXG01040,2025-05-06,NSE,EQ,EQ,BUY,FALSE,20,49.5,400155073,NA,NA
ASIANPAINT,INE021A01026,2025-05-02,NSE,EQ,EQ,SELL,FALSE,1,2398.4,5012154,NA,NA
YUKEN,INE384C01016,2025-04-30,NSE,EQ,EQ,BUY,FALSE,1,819.9,607381783,NA,NA
YUKEN,INE384C01016,2025-04-30,NSE,EQ,EQ,BUY,FALSE,2,819.9,607381784,NA,NA
YUKEN,INE384C01016,2025-04-30,NSE,EQ,EQ,BUY,FALSE,1,819.95,607381785,NA,NA
YUKEN,INE384C01016,2025-04-30,NSE,EQ,EQ,BUY,FALSE,1,819.95,607381786,NA,NA
OLAELEC,INE0LXG01040,2025-04-29,NSE,EQ,EQ,BUY,FALSE,20,50.5,400052280,NA,NA
OLAELEC,INE0LXG01040,2025-04-24,NSE,EQ,EQ,BUY,FALSE,20,52.79,401184476,NA,NA
YUKEN,INE384C01016,2025-04-23,NSE,EQ,EQ,SELL,FALSE,6,857.05,601638008,NA,NA
TATATECH,INE142M01025,2025-04-21,NSE,EQ,EQ,BUY,FALSE,5,665.0,600784183,NA,NA
OLAELEC,INE0LXG01040,2025-04-15,NSE,EQ,EQ,BUY,FALSE,1,50.96,403717907,NA,NA
OLAELEC,INE0LXG01040,2025-04-15,NSE,EQ,EQ,BUY,FALSE,9,50.96,403717908,NA,NA
OLAELEC,INE0LXG01040,2025-04-15,NSE,EQ,EQ,BUY,FALSE,2,50.96,403717909,NA,NA
OLAELEC,INE0LXG01040,2025-04-15,NSE,EQ,EQ,BUY,FALSE,2,50.96,403717910,NA,NA
OLAELEC,INE0LXG01040,2025-04-15,NSE,EQ,EQ,BUY,FALSE,6,50.96,403717911,NA,NA
YUKEN,INE384C01016,2025-04-11,NSE,EQ,EQ,BUY,FALSE,5,760.0,600613367,NA,NA
OLAELEC,INE0LXG01040,2025-04-11,NSE,EQ,EQ,BUY,FALSE,20,51.25,400060480,NA,NA
AARTIIND,INE769A01020,2025-04-11,NSE,EQ,EQ,BUY,FALSE,10,365.0,113253,NA,NA
YUKEN,INE384C01016,2025-04-09,NSE,EQ,EQ,BUY,FALSE,1,775.0,600677182,NA,NA
LODHA,INE670K01029,2025-04-09,NSE,EQ,EQ,BUY,FALSE,2,1104.8,401568319,NA,NA
OLAELEC,INE0LXG01040,2025-04-08,NSE,EQ,EQ,BUY,FALSE,20,52.0,400173275,NA,NA
AARTIIND,INE769A01020,2025-04-08,NSE,EQ,EQ,BUY,FALSE,10,363.0,385815,NA,NA
TATAMOTORS,INE155A01022,2025-04-08,NSE,EQ,EQ,BUY,FALSE,5,592.0,601386187,NA,NA
AZAD,INE02IJ01035,2025-04-08,NSE,EQ,EQ,BUY,FALSE,1,1256.85,2481054,NA,NA
AZAD,INE02IJ01035,2025-04-08,NSE,EQ,EQ,BUY,FALSE,1,1256.9,2481055,NA,NA
ASIANPAINT,INE021A01026,2025-04-08,NSE,EQ,EQ,SELL,FALSE,2,2400.0,3493740,NA,NA
AZAD,INE02IJ01035,2025-04-07,NSE,EQ,EQ,BUY,FALSE,2,1222.8,2961260,NA,NA
COCHINSHIP,INE704P01025,2025-04-07,NSE,EQ,EQ,BUY,FALSE,1,1294.95,2342596,NA,NA
HAL,INE066F01020,2025-04-07,NSE,EQ,EQ,SELL,FALSE,5,3967.6,202609083,NA,NA
AZAD,INE02IJ01035,2025-04-07,NSE,EQ,EQ,BUY,FALSE,1,1195.8,7560735,NA,NA
OLAELEC,INE0LXG01040,2025-04-01,NSE,EQ,EQ,BUY,FALSE,20,53.97,400139935,NA,NA
YUKEN,INE384C01016,2025-04-01,NSE,EQ,EQ,BUY,FALSE,1,810.0,600400107,NA,NA
YUKEN,INE384C01016,2025-04-01,NSE,EQ,EQ,BUY,FALSE,4,810.0,600400108,NA,NA
COCHINSHIP,INE704P01025,2025-04-01,NSE,EQ,EQ,SELL,FALSE,5,1385.05,3564268,NA,NA
TATAMOTORS,INE155A01022,2025-03-28,NSE,EQ,EQ,BUY,FALSE,2,679.8,602900991,NA,NA
SOUTHBANK,INE683A01023,2025-03-28,NSE,EQ,EQ,SELL,FALSE,100,23.08,606198285,NA,NA
AARTIIND,INE769A01020,2025-03-25,NSE,EQ,EQ,SELL,FALSE,10,402.9,2204700,NA,NA
AZAD,INE02IJ01035,2025-03-25,NSE,EQ,EQ,SELL,FALSE,1,1425.25,2806792,NA,NA
AZAD,INE02IJ01035,2025-03-25,NSE,EQ,EQ,SELL,FALSE,1,1425.25,2806793,NA,NA
AZAD,INE02IJ01035,2025-03-25,NSE,EQ,EQ,SELL,FALSE,1,1425.25,2806794,NA,NA
LODHA,INE670K01029,2025-03-25,NSE,EQ,EQ,SELL,FALSE,5,1200.0,405460062,NA,NA
OLAELEC,INE0LXG01040,2025-03-21,NSE,EQ,EQ,BUY,FALSE,20,52.47,400405362,NA,NA
COCHINSHIP,INE704P01025,2025-03-20,NSE,EQ,EQ,SELL,FALSE,5,1425.1,1564250,NA,NA
TATAMOTORS,INE155A01022,2025-03-20,NSE,EQ,EQ,BUY,FALSE,5,689.95,605420506,NA,NA
AARTIIND,INE769A01020,2025-03-19,NSE,EQ,EQ,BUY,FALSE,10,395.0,826248,NA,NA
BAJAJHFL,INE377Y01014,2025-03-19,NSE,EQ,EQ,SELL,FALSE,4,121.96,3911090,NA,NA
BAJAJHFL,INE377Y01014,2025-03-19,NSE,EQ,EQ,SELL,FALSE,10,121.96,3911091,NA,NA
BAJAJHFL,INE377Y01014,2025-03-19,NSE,EQ,EQ,SELL,FALSE,4,121.95,3911092,NA,NA
BAJAJHFL,INE377Y01014,2025-03-19,NSE,EQ,EQ,SELL,FALSE,1,121.95,3911093,NA,NA
BAJAJHFL,INE377Y01014,2025-03-19,NSE,EQ,EQ,SELL,FALSE,2,121.95,3911094,NA,NA
BAJAJHFL,INE377Y01014,2025-03-19,NSE,EQ,EQ,SELL,FALSE,19,121.95,3911095,NA,NA
HAL,INE066F01020,2025-03-18,NSE,EQ,EQ,SELL,FALSE,2,3564.95,203895187,NA,NA
LODHA,INE670K01029,2025-03-17,NSE,EQ,EQ,BUY,FALSE,2,1044.05,400498299,NA,NA
AZAD,INE02IJ01035,2025-03-13,NSE,EQ,EQ,BUY,FALSE,2,1280.0,5828114,NA,NA
COCHINSHIP,INE704P01025,2025-03-12,NSE,EQ,EQ,BUY,FALSE,1,1280.0,440584,NA,NA
TATAMOTORS,INE155A01022,2025-03-12,NSE,EQ,EQ,BUY,FALSE,5,664.35,600657103,NA,NA
OLAELEC,INE0LXG01040,2025-03-12,NSE,EQ,EQ,BUY,FALSE,20,52.48,403152087,NA,NA
AZAD,INE02IJ01035,2025-03-12,NSE,EQ,EQ,BUY,FALSE,2,1280.0,4627663,NA,NA
AARTIIND,INE769A01020,2025-03-12,NSE,EQ,EQ,BUY,FALSE,10,392.0,6169079,NA,NA
LODHA,INE670K01029,2025-03-10,NSE,EQ,EQ,BUY,FALSE,5,1100.0,404027652,NA,NA
LODHA,INE670K01029,2025-03-07,NSE,EQ,EQ,BUY,FALSE,2,1112.1,406133256,NA,NA
LICI,INE0J1Y01017,2025-03-05,NSE,EQ,EQ,BUY,FALSE,15,740.0,400273486,NA,NA
AZAD,INE02IJ01035,2025-03-05,NSE,EQ,EQ,SELL,FALSE,4,1320.0,3139692,NA,NA
IRCTC,INE335Y01020,2025-03-05,NSE,EQ,EQ,BUY,FALSE,20,685.0,201457044,NA,NA
TATATECH,INE142M01025,2025-03-05,NSE,EQ,EQ,BUY,FALSE,5,665.0,601301625,NA,NA
ASIANPAINT,INE021A01026,2025-03-05,NSE,EQ,EQ,BUY,FALSE,1,2141.2,3147270,NA,NA
COCHINSHIP,INE704P01025,2025-03-04,NSE,EQ,EQ,BUY,FALSE,1,1237.6,686196,NA,NA
AZAD,INE02IJ01035,2025-03-04,NSE,EQ,EQ,BUY,FALSE,2,1250.0,1135544,NA,NA
AARTIIND,INE769A01020,2025-03-04,NSE,EQ,EQ,BUY,FALSE,5,385.0,1762372,NA,NA
OLAELEC,INE0LXG01040,2025-03-03,NSE,EQ,EQ,BUY,FALSE,20,57.67,400052953,NA,NA
COCHINSHIP,INE704P01025,2025-03-03,NSE,EQ,EQ,BUY,FALSE,1,1290.0,570665,NA,NA
SOUTHBANK,INE683A01023,2025-03-03,NSE,EQ,EQ,SELL,FALSE,200,23.51,601498070,NA,NA
HAL,INE066F01020,2025-03-03,NSE,EQ,EQ,BUY,FALSE,1,3149.65,200380540,NA,NA
SBIN,INE062A01020,2025-03-03,NSE,EQ,EQ,BUY,FALSE,15,695.0,610395833,NA,NA
AZAD,INE02IJ01035,2025-02-28,NSE,EQ,EQ,BUY,FALSE,2,1280.0,600147,NA,NA
LODHA,INE670K01029,2025-02-28,NSE,EQ,EQ,SELL,FALSE,3,1125.2,412793949,NA,NA
HAL,INE066F01020,2025-02-25,NSE,EQ,EQ,BUY,FALSE,1,3371.4,200061786,NA,NA
PNCINFRA,INE195J01029,2025-02-25,NSE,EQ,EQ,BUY,FALSE,1,278.5,405914117,NA,NA
PNCINFRA,INE195J01029,2025-02-25,NSE,EQ,EQ,BUY,FALSE,4,278.5,405914118,NA,NA
AARTIIND,INE769A01020,2025-02-24,NSE,EQ,EQ,BUY,FALSE,5,404.0,385522,NA,NA
AZAD,INE02IJ01035,2025-02-21,NSE,EQ,EQ,SELL,FALSE,2,1337.85,1286698,NA,NA
OLAELEC,INE0LXG01040,2025-02-21,NSE,EQ,EQ,BUY,FALSE,10,62.36,401935216,NA,NA
COCHINSHIP,INE704P01025,2025-02-20,NSE,EQ,EQ,BUY,FALSE,1,1297.4,700671,NA,NA
AZAD,INE02IJ01035,2025-02-20,NSE,EQ,EQ,BUY,FALSE,2,1280.0,1177552,NA,NA
OLAELEC,INE0LXG01040,2025-02-20,NSE,EQ,EQ,BUY,FALSE,20,62.0,405980481,NA,NA
TATAINVEST,INE672A01018,2025-02-19,NSE,EQ,EQ,BUY,FALSE,1,5349.95,600398111,NA,NA
AZAD,INE02IJ01035,2025-02-19,NSE,EQ,EQ,BUY,FALSE,3,1220.0,464910,NA,NA
COCHINSHIP,INE704P01025,2025-02-19,NSE,EQ,EQ,BUY,FALSE,2,1265.0,465464,NA,NA
BEL,INE263A01024,2025-02-19,NSE,EQ,EQ,BUY,FALSE,10,248.0,537429,NA,NA
TATAINVEST,INE672A01018,2025-02-19,NSE,EQ,EQ,SELL,FALSE,1,5942.5,607044907,NA,NA
PNCINFRA,INE195J01029,2025-02-19,NSE,EQ,EQ,BUY,FALSE,10,260.2,406106404,NA,NA
AZAD,INE02IJ01035,2025-02-14,NSE,EQ,EQ,BUY,FALSE,2,1334.7,7204170,NA,NA
OLAELEC,INE0LXG01040,2025-02-13,NSE,EQ,EQ,BUY,FALSE,30,66.0,402239880,NA,NA
COCHINSHIP,INE704P01025,2025-02-13,NSE,EQ,EQ,BUY,FALSE,1,1316.05,347078,NA,NA
COCHINSHIP,INE704P01025,2025-02-12,NSE,EQ,EQ,BUY,FALSE,1,1294.95,7549068,NA,NA
ASIANPAINT,INE021A01026,2025-02-12,NSE,EQ,EQ,BUY,FALSE,1,2210.0,931847,NA,NA
AZAD,INE02IJ01035,2025-02-12,NSE,EQ,EQ,BUY,FALSE,2,1359.65,1315739,NA,NA
OLAELEC,INE0LXG01040,2025-02-10,NSE,EQ,EQ,BUY,FALSE,50,67.83,404726164,NA,NA
COCHINSHIP,INE704P01025,2025-02-10,NSE,EQ,EQ,BUY,FALSE,1,1369.4,3750275,NA,NA
COCHINSHIP,INE704P01025,2025-02-07,NSE,EQ,EQ,BUY,FALSE,2,1349.95,22729,NA,NA
YUKEN,INE384C01016,2025-02-07,NSE,EQ,EQ,BUY,FALSE,2,900.0,600374368,NA,NA
COCHINSHIP,INE704P01025,2025-02-07,NSE,EQ,EQ,BUY,FALSE,2,1358.35,960981,NA,NA
OLAELEC,INE0LXG01040,2025-02-06,NSE,EQ,EQ,SELL,FALSE,50,71.93,404917620,NA,NA
PNCINFRA,INE195J01029,2025-02-05,NSE,EQ,EQ,BUY,FALSE,5,299.0,404324833,NA,NA
TATATECH,INE142M01025,2025-02-05,NSE,EQ,EQ,BUY,FALSE,2,785.0,601198830,NA,NA
YUKEN,INE384C01016,2025-02-04,NSE,EQ,EQ,BUY,FALSE,3,890.0,600727271,NA,NA
TATAMOTORS,INE155A01022,2025-02-04,NSE,EQ,EQ,BUY,FALSE,3,700.0,600607559,NA,NA
COCHINSHIP,INE704P01025,2025-02-03,NSE,EQ,EQ,BUY,FALSE,2,1400.0,1405726,NA,NA
HAL,INE066F01020,2025-02-03,NSE,EQ,EQ,BUY,FALSE,1,3575.0,201878581,NA,NA
PNCINFRA,INE195J01029,2025-02-03,NSE,EQ,EQ,BUY,FALSE,10,294.55,409378125,NA,NA
HAL,INE066F01020,2025-02-01,NSE,EQ,EQ,SELL,FALSE,1,3794.5,202377773,NA,NA
FIVESTAR,INE128S01021,2025-02-01,NSE,EQ,EQ,SELL,FALSE,6,762.3,200075065,NA,NA
FIVESTAR,INE128S01021,2025-02-01,NSE,EQ,EQ,SELL,FALSE,19,762.25,200075066,NA,NA
COCHINSHIP,INE704P01025,2025-02-01,NSE,EQ,EQ,SELL,FALSE,3,1517.3,238351,NA,NA
BAJAJHFL,INE377Y01014,2025-02-01,NSE,EQ,EQ,SELL,FALSE,30,117.5,2635228,NA,NA
YUKEN,INE384C01016,2025-01-31,NSE,EQ,EQ,BUY,FALSE,3,875.0,600767985,NA,NA
TATAMOTORS,INE155A01022,2025-01-31,NSE,EQ,EQ,BUY,FALSE,5,710.0,605982998,NA,NA
OLAELEC,INE0LXG01040,2025-01-30,NSE,EQ,EQ,BUY,FALSE,10,66.87,401317797,NA,NA
YUKEN,INE384C01016,2025-01-29,NSE,EQ,EQ,BUY,FALSE,2,870.0,600045764,NA,NA
OLAELEC,INE0LXG01040,2025-01-29,NSE,EQ,EQ,BUY,FALSE,20,67.0,400411576,NA,NA
AZAD,INE02IJ01035,2025-01-28,NSE,EQ,EQ,SELL,FALSE,1,1389.3,1086894,NA,NA
AZAD,INE02IJ01035,2025-01-28,NSE,EQ,EQ,SELL,FALSE,1,1389.0,1086895,NA,NA
AZAD,INE02IJ01035,2025-01-28,NSE,EQ,EQ,SELL,FALSE,3,1388.1,1086896,NA,NA
LODHA,INE670K01029,2025-01-28,NSE,EQ,EQ,BUY,FALSE,2,1100.75,402010806,NA,NA
TATAMOTORS,INE155A01022,2025-01-28,NSE,EQ,EQ,BUY,FALSE,5,730.0,606740049,NA,NA
BEL,INE263A01024,2025-01-28,NSE,EQ,EQ,BUY,FALSE,10,256.25,5394295,NA,NA
COCHINSHIP,INE704P01025,2025-01-28,NSE,EQ,EQ,BUY,FALSE,3,1354.0,5378270,NA,NA
HAL,INE066F01020,2025-01-28,NSE,EQ,EQ,BUY,FALSE,1,3604.95,211960932,NA,NA
OLAELEC,INE0LXG01040,2025-01-28,NSE,EQ,EQ,BUY,FALSE,4,65.2,413462365,NA,NA
OLAELEC,INE0LXG01040,2025-01-28,NSE,EQ,EQ,BUY,FALSE,16,65.21,413462366,NA,NA
AARTIIND,INE769A01020,2025-01-27,NSE,EQ,EQ,SELL,FALSE,10,418.1,3250094,NA,NA
LODHA,INE670K01029,2025-01-27,NSE,EQ,EQ,BUY,FALSE,3,1101.3,400068052,NA,NA
BEL,INE263A01024,2025-01-27,NSE,EQ,EQ,BUY,FALSE,10,264.95,213339,NA,NA
YUKEN,INE384C01016,2025-01-23,NSE,EQ,EQ,BUY,FALSE,5,970.0,600331737,NA,NA
TATAMOTORS,INE155A01022,2025-01-23,NSE,EQ,EQ,BUY,FALSE,5,744.45,600033357,NA,NA
FIVESTAR,INE128S01021,2025-01-22,NSE,EQ,EQ,BUY,FALSE,1,634.7,200724155,NA,NA
FIVESTAR,INE128S01021,2025-01-22,NSE,EQ,EQ,BUY,FALSE,4,634.75,200724156,NA,NA
TATATECH,INE142M01025,2025-01-21,NSE,EQ,EQ,BUY,FALSE,4,820.0,600488763,NA,NA
TATATECH,INE142M01025,2025-01-21,NSE,EQ,EQ,BUY,FALSE,1,820.0,600492397,NA,NA
ASIANPAINT,INE021A01026,2025-01-21,NSE,EQ,EQ,BUY,FALSE,1,2300.0,3351758,NA,NA
YUKEN,INE384C01016,2025-01-20,NSE,EQ,EQ,BUY,FALSE,10,985.95,604441659,NA,NA
BAJAJHFL,INE377Y01014,2025-01-20,NSE,EQ,EQ,BUY,FALSE,5,115.0,4163356,NA,NA
BAJAJHFL,INE377Y01014,2025-01-20,NSE,EQ,EQ,BUY,FALSE,5,115.0,4162012,NA,NA
COCHINSHIP,INE704P01025,2025-01-17,NSE,EQ,EQ,SELL,FALSE,5,1489.7,2377402,NA,NA
ASIANPAINT,INE021A01026,2025-01-17,NSE,EQ,EQ,BUY,FALSE,1,2260.0,3384299,NA,NA
LODHA,INE670K01029,2025-01-16,NSE,EQ,EQ,BUY,FALSE,3,1139.9,400256416,NA,NA
FIVESTAR,INE128S01021,2025-01-15,NSE,EQ,EQ,SELL,FALSE,10,636.4,202028731,NA,NA
LODHA,INE670K01029,2025-01-15,NSE,EQ,EQ,BUY,FALSE,10,1130.0,402262981,NA,NA
HAPPSTMNDS,INE419U01012,2025-01-15,NSE,EQ,EQ,SELL,FALSE,20,730.0,202900158,NA,NA
OLAELEC,INE0LXG01040,2025-01-15,NSE,EQ,EQ,BUY,FALSE,10,73.25,408127893,NA,NA
COCHINSHIP,INE704P01025,2025-01-14,NSE,EQ,EQ,BUY,FALSE,2,1406.0,372016,NA,NA
BEL,INE263A01024,2025-01-14,NSE,EQ,EQ,BUY,FALSE,40,264.65,644109,NA,NA
PNCINFRA,INE195J01029,2025-01-14,NSE,EQ,EQ,BUY,FALSE,5,288.0,402206610,NA,NA
PNCINFRA,INE195J01029,2025-01-14,NSE,EQ,EQ,BUY,FALSE,15,288.0,402206611,NA,NA
OLAELEC,INE0LXG01040,2025-01-14,NSE,EQ,EQ,BUY,FALSE,10,70.86,401490679,NA,NA
HAL,INE066F01020,2025-01-14,NSE,EQ,EQ,BUY,FALSE,4,3850.0,203858406,NA,NA
BAJAJHFL,INE377Y01014,2025-01-14,NSE,EQ,EQ,BUY,FALSE,20,115.0,4210502,NA,NA
BAJAJHFL,INE377Y01014,2025-01-14,NSE,EQ,EQ,BUY,FALSE,10,115.0,4215435,NA,NA
AARTIIND,INE769A01020,2025-01-14,NSE,EQ,EQ,BUY,FALSE,1,404.95,7088459,NA,NA
AARTIIND,INE769A01020,2025-01-14,NSE,EQ,EQ,BUY,FALSE,1,405.0,7088460,NA,NA
AARTIIND,INE769A01020,2025-01-14,NSE,EQ,EQ,BUY,FALSE,1,405.0,7088461,NA,NA
AARTIIND,INE769A01020,2025-01-14,NSE,EQ,EQ,BUY,FALSE,1,405.0,7088462,NA,NA
AARTIIND,INE769A01020,2025-01-14,NSE,EQ,EQ,BUY,FALSE,1,405.0,7088463,NA,NA
HAPPSTMNDS,INE419U01012,2025-01-13,NSE,EQ,EQ,SELL,FALSE,10,729.55,201736588,NA,NA
OLAELEC,INE0LXG01040,2025-01-13,NSE,EQ,EQ,BUY,FALSE,10,71.74,401956022,NA,NA
AARTIIND,INE769A01020,2025-01-13,NSE,EQ,EQ,SELL,FALSE,11,422.0,5834302,NA,NA
AARTIIND,INE769A01020,2025-01-13,NSE,EQ,EQ,SELL,FALSE,5,422.0,5834303,NA,NA
AARTIIND,INE769A01020,2025-01-13,NSE,EQ,EQ,SELL,FALSE,1,422.0,5834304,NA,NA
AARTIIND,INE769A01020,2025-01-13,NSE,EQ,EQ,SELL,FALSE,3,422.0,5834305,NA,NA
TATAINVEST,INE672A01018,2025-01-13,NSE,EQ,EQ,SELL,FALSE,2,6131.05,608622398,NA,NA
,INF789F1AA98,2025-01-13,BMF,MF,MF,BUY,FALSE,299,10.0,,NA,NA
YUKEN,INE384C01016,2025-01-09,NSE,EQ,EQ,SELL,FALSE,10,1096.6,604623194,NA,NA
AARTIIND,INE769A01020,2025-01-09,NSE,EQ,EQ,BUY,FALSE,5,405.0,156596,NA,NA
OLAELEC,INE0LXG01040,2025-01-09,NSE,EQ,EQ,BUY,FALSE,20,76.8,404527891,NA,NA
BAJAJHFL,INE377Y01014,2025-01-08,NSE,EQ,EQ,BUY,FALSE,20,124.0,2166238,NA,NA
ASIANPAINT,INE021A01026,2025-01-07,NSE,EQ,EQ,BUY,FALSE,1,2289.6,212519,NA,NA
TATAMOTORS,INE155A01022,2025-01-07,NSE,EQ,EQ,BUY,FALSE,1,777.6,600664080,NA,NA
HAPPSTMNDS,INE419U01012,2025-01-07,NSE,EQ,EQ,BUY,FALSE,2,720.0,200523854,NA,NA
HAPPSTMNDS,INE419U01012,2025-01-07,NSE,EQ,EQ,BUY,FALSE,3,720.0,200523855,NA,NA
AARTIIND,INE769A01020,2025-01-07,NSE,EQ,EQ,BUY,FALSE,5,407.8,426364,NA,NA
BAJAJHFL,INE377Y01014,2025-01-06,NSE,EQ,EQ,BUY,FALSE,20,128.0,39498,NA,NA
OLAELEC,INE0LXG01040,2025-01-06,NSE,EQ,EQ,SELL,FALSE,50,79.93,403378247,NA,NA
TATATECH,INE142M01025,2025-01-03,NSE,EQ,EQ,BUY,FALSE,3,910.0,601057772,NA,NA
AARTIIND,INE769A01020,2025-01-03,NSE,EQ,EQ,BUY,FALSE,10,422.0,2322764,NA,NA
TATAMOTORS,INE155A01022,2025-01-03,NSE,EQ,EQ,SELL,FALSE,5,790.0,607846707,NA,NA
TATAMOTORS,INE155A01022,2025-01-02,NSE,EQ,EQ,BUY,FALSE,5,760.0,600049056,NA,NA
ASIANPAINT,INE021A01026,2025-01-01,NSE,EQ,EQ,BUY,FALSE,2,2310.0,2034311,NA,NA
HAPPSTMNDS,INE419U01012,2025-01-01,NSE,EQ,EQ,BUY,FALSE,5,725.7,205969166,NA,NA
COCHINSHIP,INE704P01025,2024-12-30,NSE,EQ,EQ,SELL,FALSE,5,1532.05,457077,NA,NA
YUKEN,INE384C01016,2024-12-30,NSE,EQ,EQ,BUY,FALSE,1,971.95,602001383,NA,NA
YUKEN,INE384C01016,2024-12-30,NSE,EQ,EQ,BUY,FALSE,1,972.15,602001384,NA,NA
YUKEN,INE384C01016,2024-12-30,NSE,EQ,EQ,BUY,FALSE,6,972.25,602001385,NA,NA
YUKEN,INE384C01016,2024-12-30,NSE,EQ,EQ,BUY,FALSE,2,972.3,602001386,NA,NA
HAPPSTMNDS,INE419U01012,2024-12-30,NSE,EQ,EQ,SELL,FALSE,10,752.95,207300779,NA,NA
BAJAJHFL,INE377Y01014,2024-12-27,NSE,EQ,EQ,BUY,FALSE,20,128.0,1381312,NA,NA
HAPPSTMNDS,INE419U01012,2024-12-26,NSE,EQ,EQ,BUY,FALSE,5,710.0,201030661,NA,NA
TATAMOTORS,INE155A01022,2024-12-26,NSE,EQ,EQ,BUY,FALSE,5,744.95,603587744,NA,NA
AARTIIND,INE769A01020,2024-12-24,NSE,EQ,EQ,BUY,FALSE,10,412.0,25498,NA,NA
TATAMOTORS,INE155A01022,2024-12-24,NSE,EQ,EQ,BUY,FALSE,5,739.8,602618741,NA,NA
TATATECH,INE142M01025,2024-12-24,NSE,EQ,EQ,BUY,FALSE,5,905.0,601154222,NA,NA
PNCINFRA,INE195J01029,2024-12-24,NSE,EQ,EQ,BUY,FALSE,10,310.0,401509494,NA,NA
COCHINSHIP,INE704P01025,2024-12-24,NSE,EQ,EQ,BUY,FALSE,2,1479.8,2740296,NA,NA
COCHINSHIP,INE704P01025,2024-12-23,NSE,EQ,EQ,BUY,FALSE,2,1485.0,1002173,NA,NA
PNCINFRA,INE195J01029,2024-12-16,NSE,EQ,EQ,BUY,FALSE,5,335.0,401316132,NA,NA
AARTIIND,INE769A01020,2024-12-13,NSE,EQ,EQ,BUY,FALSE,5,433.8,589326,NA,NA
TATAMOTORS,INE155A01022,2024-12-13,NSE,EQ,EQ,BUY,FALSE,2,788.2,600616364,NA,NA
SOUTHBANK,INE683A01023,2024-12-13,NSE,EQ,EQ,SELL,FALSE,100,25.5,601271239,NA,NA
BAJAJHFL,INE377Y01014,2024-12-12,NSE,EQ,EQ,BUY,FALSE,10,132.96,5708929,NA,NA
TATAMOTORS,INE155A01022,2024-12-12,NSE,EQ,EQ,BUY,FALSE,3,788.15,606218502,NA,NA
PNCINFRA,INE195J01029,2024-12-11,NSE,EQ,EQ,SELL,FALSE,10,344.7,402332035,NA,NA
FIVESTAR,INE128S01021,2024-12-11,NSE,EQ,EQ,BUY,FALSE,4,633.8,202356517,NA,NA
FIVESTAR,INE128S01021,2024-12-11,NSE,EQ,EQ,BUY,FALSE,1,633.8,202356518,NA,NA
HAPPSTMNDS,INE419U01012,2024-12-11,NSE,EQ,EQ,BUY,FALSE,5,762.45,202434267,NA,NA
TATAMOTORS,INE155A01022,2024-12-10,NSE,EQ,EQ,SELL,FALSE,5,810.0,604246945,NA,NA
TATATECH,INE142M01025,2024-12-10,NSE,EQ,EQ,BUY,FALSE,2,948.55,604051346,NA,NA
FIVESTAR,INE128S01021,2024-12-10,NSE,EQ,EQ,BUY,FALSE,5,631.8,203861904,NA,NA
TATAMOTORS,INE155A01022,2024-12-05,NSE,EQ,EQ,BUY,FALSE,2,789.25,605360511,NA,NA
OLAELEC,INE0LXG01040,2024-12-05,NSE,EQ,EQ,SELL,FALSE,30,96.0,400784790,NA,NA
PNCINFRA,INE195J01029,2024-12-03,NSE,EQ,EQ,BUY,FALSE,10,298.5,401103293,NA,NA
HAPPSTMNDS,INE419U01012,2024-12-03,NSE,EQ,EQ,SELL,FALSE,1,770.05,203823837,NA,NA
HAPPSTMNDS,INE419U01012,2024-12-03,NSE,EQ,EQ,SELL,FALSE,6,770.0,203823838,NA,NA
HAPPSTMNDS,INE419U01012,2024-12-03,NSE,EQ,EQ,SELL,FALSE,2,770.0,203823839,NA,NA
FIVESTAR,INE128S01021,2024-12-03,NSE,EQ,EQ,BUY,FALSE,1,635.85,206690885,NA,NA
FIVESTAR,INE128S01021,2024-12-03,NSE,EQ,EQ,BUY,FALSE,2,635.85,206690886,NA,NA
FIVESTAR,INE128S01021,2024-12-03,NSE,EQ,EQ,BUY,FALSE,8,635.85,206690887,NA,NA
FIVESTAR,INE128S01021,2024-12-03,NSE,EQ,EQ,BUY,FALSE,9,635.9,206690888,NA,NA
TATAMOTORS,INE155A01022,2024-12-02,NSE,EQ,EQ,BUY,FALSE,2,789.95,600115625,NA,NA
BAJAJHFL,INE377Y01014,2024-12-02,NSE,EQ,EQ,SELL,FALSE,7,133.91,410604,NA,NA
BAJAJHFL,INE377Y01014,2024-12-02,NSE,EQ,EQ,SELL,FALSE,7,133.9,410605,NA,NA
BAJAJHFL,INE377Y01014,2024-12-02,NSE,EQ,EQ,SELL,FALSE,16,133.9,410606,NA,NA
TATATECH,INE142M01025,2024-12-02,NSE,EQ,EQ,BUY,FALSE,2,945.0,600876790,NA,NA
OLAELEC,INE0LXG01040,2024-11-29,NSE,EQ,EQ,SELL,FALSE,35,89.91,401409883,NA,NA
TATATECH,INE142M01025,2024-11-28,NSE,EQ,EQ,BUY,FALSE,1,949.8,601615814,NA,NA
TATATECH,INE142M01025,2024-11-28,NSE,EQ,EQ,BUY,FALSE,1,949.8,601615815,NA,NA
COCHINSHIP,INE704P01025,2024-11-28,NSE,EQ,EQ,SELL,FALSE,5,1563.0,4754307,NA,NA
TATAMOTORS,INE155A01022,2024-11-27,NSE,EQ,EQ,BUY,FALSE,5,790.0,605909543,NA,NA
ASIANPAINT,INE021A01026,2024-11-25,NSE,EQ,EQ,BUY,FALSE,1,2500.0,46384,NA,NA
SOUTHBANK,INE683A01023,2024-11-25,NSE,EQ,EQ,BUY,FALSE,100,23.06,604890002,NA,NA
OLAELEC,INE0LXG01040,2024-11-25,NSE,EQ,EQ,BUY,FALSE,20,70.74,405019603,NA,NA
TATATECH,INE142M01025,2024-11-25,NSE,EQ,EQ,BUY,FALSE,3,953.7,604833690,NA,NA
BAJAJHFL,INE377Y01014,2024-11-25,NSE,EQ,EQ,BUY,FALSE,20,129.94,4372307,NA,NA
OLAELEC,INE0LXG01040,2024-11-22,NSE,EQ,EQ,BUY,FALSE,5,68.69,400998871,NA,NA
OLAELEC,INE0LXG01040,2024-11-22,NSE,EQ,EQ,BUY,FALSE,15,68.69,400998872,NA,NA
BAJAJHFL,INE377Y01014,2024-11-22,NSE,EQ,EQ,BUY,FALSE,20,128.0,3778289,NA,NA
SOUTHBANK,INE683A01023,2024-11-21,NSE,EQ,EQ,BUY,FALSE,100,22.39,603756976,NA,NA
TATATECH,INE142M01025,2024-11-21,NSE,EQ,EQ,BUY,FALSE,2,936.75,607914171,NA,NA
COCHINSHIP,INE704P01025,2024-11-21,NSE,EQ,EQ,BUY,FALSE,2,1292.5,8766789,NA,NA
TATAMOTORS,INE155A01022,2024-11-19,NSE,EQ,EQ,BUY,FALSE,5,790.0,600493600,NA,NA
TATATECH,INE142M01025,2024-11-19,NSE,EQ,EQ,BUY,FALSE,2,955.0,602060526,NA,NA
TATATECH,INE142M01025,2024-11-19,NSE,EQ,EQ,BUY,FALSE,3,955.0,602060628,NA,NA
COCHINSHIP,INE704P01025,2024-11-19,NSE,EQ,EQ,BUY,FALSE,5,1330.0,35539,NA,NA
AARTIIND,INE769A01020,2024-11-18,NSE,EQ,EQ,BUY,FALSE,5,431.65,846553,NA,NA
BAJAJHFL,INE377Y01014,2024-11-18,NSE,EQ,EQ,BUY,FALSE,10,128.8,890601,NA,NA
OLAELEC,INE0LXG01040,2024-11-18,NSE,EQ,EQ,BUY,FALSE,20,70.0,402523720,NA,NA
AARTIIND,INE769A01020,2024-11-14,NSE,EQ,EQ,BUY,FALSE,5,431.75,849547,NA,NA
SOUTHBANK,INE683A01023,2024-11-14,NSE,EQ,EQ,BUY,FALSE,100,22.7,601150724,NA,NA
LODHA,INE670K01029,2024-11-13,NSE,EQ,EQ,SELL,FALSE,14,1218.95,400050786,NA,NA
PNCINFRA,INE195J01029,2024-11-13,NSE,EQ,EQ,BUY,FALSE,5,304.5,404531552,NA,NA
TATATECH,INE142M01025,2024-11-13,NSE,EQ,EQ,BUY,FALSE,2,975.5,603620304,NA,NA
SOUTHBANK,INE683A01023,2024-11-13,NSE,EQ,EQ,BUY,FALSE,100,22.93,603076596,NA,NA
COCHINSHIP,INE704P01025,2024-11-13,NSE,EQ,EQ,BUY,FALSE,1,1332.9,2948791,NA,NA
AARTIIND,INE769A01020,2024-11-13,NSE,EQ,EQ,BUY,FALSE,20,436.0,3790799,NA,NA
BAJAJHFL,INE377Y01014,2024-11-12,NSE,EQ,EQ,BUY,FALSE,10,133.1,1058907,NA,NA
TATATECH,INE142M01025,2024-11-12,NSE,EQ,EQ,BUY,FALSE,2,999.95,601523899,NA,NA
HAPPSTMNDS,INE419U01012,2024-11-12,NSE,EQ,EQ,BUY,FALSE,4,765.0,201419655,NA,NA
OLAELEC,INE0LXG01040,2024-11-11,NSE,EQ,EQ,BUY,FALSE,20,72.5,403329148,NA,NA
POONAWALLA,INE511C01022,2024-11-11,NSE,EQ,EQ,SELL,FALSE,9,355.1,407416818,NA,NA
POONAWALLA,INE511C01022,2024-11-11,NSE,EQ,EQ,SELL,FALSE,19,355.0,407416819,NA,NA
POONAWALLA,INE511C01022,2024-11-11,NSE,EQ,EQ,SELL,FALSE,2,353.5,407416820,NA,NA
POONAWALLA,INE511C01022,2024-11-11,NSE,EQ,EQ,SELL,FALSE,29,353.65,407416829,NA,NA
POONAWALLA,INE511C01022,2024-11-11,NSE,EQ,EQ,SELL,FALSE,1,353.65,407416830,NA,NA
AZAD,INE02IJ01035,2024-11-08,NSE,EQ,EQ,SELL,FALSE,10,1638.6,93231,NA,NA
ASIANPAINT,INE021A01026,2024-11-08,NSE,EQ,EQ,SELL,FALSE,4,2819.0,332008,NA,NA
TATAMOTORS,INE155A01022,2024-11-08,NSE,EQ,EQ,BUY,FALSE,5,805.0,604450517,NA,NA
COCHINSHIP,INE704P01025,2024-11-08,NSE,EQ,EQ,BUY,FALSE,1,1476.8,643594,NA,NA
OLAELEC,INE0LXG01040,2024-11-08,NSE,EQ,EQ,BUY,FALSE,10,73.2,406637048,NA,NA
OLAELEC,INE0LXG01040,2024-11-06,NSE,EQ,EQ,BUY,FALSE,20,75.0,400052994,NA,NA
TATAMOTORS,INE155A01022,2024-11-06,NSE,EQ,EQ,BUY,FALSE,5,835.5,601072884,NA,NA
NH,INE410P01011,2024-11-05,NSE,EQ,EQ,BUY,FALSE,5,1189.45,403497576,NA,NA
OLAELEC,INE0LXG01040,2024-11-05,NSE,EQ,EQ,BUY,FALSE,10,78.32,400341742,NA,NA
PNCINFRA,INE195J01029,2024-11-04,NSE,EQ,EQ,BUY,FALSE,10,319.95,402480403,NA,NA
OLAELEC,INE0LXG01040,2024-11-04,NSE,EQ,EQ,BUY,FALSE,2,79.98,402347469,NA,NA
OLAELEC,INE0LXG01040,2024-11-04,NSE,EQ,EQ,BUY,FALSE,1,79.98,402347470,NA,NA
OLAELEC,INE0LXG01040,2024-11-04,NSE,EQ,EQ,BUY,FALSE,7,79.98,402347471,NA,NA
TATAMOTORS,INE155A01022,2024-11-04,NSE,EQ,EQ,BUY,FALSE,5,826.3,602381394,NA,NA
SOUTHBANK,INE683A01023,2024-11-04,NSE,EQ,EQ,SELL,FALSE,200,24.1,603978564,NA,NA
TATAMOTORS,INE155A01022,2024-11-01,NSE,EQ,EQ,BUY,FALSE,10,846.0,600794551,NA,NA
HAPPSTMNDS,INE419U01012,2024-11-01,NSE,EQ,EQ,BUY,FALSE,5,770.0,201476010,NA,NA
POONAWALLA,INE511C01022,2024-10-31,NSE,EQ,EQ,SELL,FALSE,10,360.0,405242827,NA,NA
HDFCBANK,INE040A01034,2024-10-31,NSE,EQ,EQ,SELL,FALSE,8,1720.0,205211342,NA,NA
HDFCBANK,INE040A01034,2024-10-31,NSE,EQ,EQ,SELL,FALSE,2,1720.0,205211343,NA,NA
POONAWALLA,INE511C01022,2024-10-31,NSE,EQ,EQ,SELL,FALSE,14,360.8,407582866,NA,NA
OLAELEC,INE0LXG01040,2024-10-30,NSE,EQ,EQ,BUY,FALSE,5,77.0,404376118,NA,NA
COCHINSHIP,INE704P01025,2024-10-30,NSE,EQ,EQ,BUY,FALSE,1,1467.0,3348569,NA,NA
BAJAJHFL,INE377Y01014,2024-10-29,NSE,EQ,EQ,BUY,FALSE,10,130.9,1295045,NA,NA
TATATECH,INE142M01025,2024-10-29,NSE,EQ,EQ,BUY,FALSE,5,1007.7,601708725,NA,NA
OLAELEC,INE0LXG01040,2024-10-29,NSE,EQ,EQ,BUY,FALSE,10,76.83,401523463,NA,NA
POONAWALLA,INE511C01022,2024-10-29,NSE,EQ,EQ,BUY,FALSE,5,311.85,401513820,NA,NA
AZAD,INE02IJ01035,2024-10-29,NSE,EQ,EQ,BUY,FALSE,2,1415.1,1257917,NA,NA
COCHINSHIP,INE704P01025,2024-10-29,NSE,EQ,EQ,BUY,FALSE,2,1405.0,1142939,NA,NA
AZAD,INE02IJ01035,2024-10-28,NSE,EQ,EQ,BUY,FALSE,1,1417.35,4447367,NA,NA
OLAELEC,INE0LXG01040,2024-10-28,NSE,EQ,EQ,BUY,FALSE,10,79.94,405171376,NA,NA
POONAWALLA,INE511C01022,2024-10-25,NSE,EQ,EQ,BUY,FALSE,5,352.2,403572047,NA,NA
SOUTHBANK,INE683A01023,2024-10-25,NSE,EQ,EQ,BUY,FALSE,100,22.75,607325974,NA,NA
TATATECH,INE142M01025,2024-10-25,NSE,EQ,EQ,BUY,FALSE,5,1017.0,603118799,NA,NA
AZAD,INE02IJ01035,2024-10-25,NSE,EQ,EQ,BUY,FALSE,2,1404.35,2807051,NA,NA
BAJAJHFL,INE377Y01014,2024-10-24,NSE,EQ,EQ,BUY,FALSE,20,133.98,752659,NA,NA
LODHA,INE670K01029,2024-10-24,NSE,EQ,EQ,BUY,FALSE,2,1074.0,401064890,NA,NA
POONAWALLA,INE511C01022,2024-10-23,NSE,EQ,EQ,BUY,FALSE,10,358.0,401768202,NA,NA
SOUTHBANK,INE683A01023,2024-10-23,NSE,EQ,EQ,BUY,FALSE,200,23.36,601536185,NA,NA
LODHA,INE670K01029,2024-10-23,NSE,EQ,EQ,BUY,FALSE,2,1054.2,401711243,NA,NA
PNCINFRA,INE195J01029,2024-10-22,NSE,EQ,EQ,BUY,FALSE,10,341.35,401715976,NA,NA
LODHA,INE670K01029,2024-10-22,NSE,EQ,EQ,BUY,FALSE,9,1120.4,402226992,NA,NA
LODHA,INE670K01029,2024-10-22,NSE,EQ,EQ,BUY,FALSE,1,1120.45,402226993,NA,NA
COCHINSHIP,INE704P01025,2024-10-22,NSE,EQ,EQ,BUY,FALSE,2,1486.0,1299191,NA,NA
SOUTHBANK,INE683A01023,2024-10-22,BSE,EQ,EQ,BUY,FALSE,500,24.59,1491400,NA,NA
PNCINFRA,INE195J01029,2024-10-21,NSE,EQ,EQ,BUY,FALSE,10,368.85,400946609,NA,NA
COCHINSHIP,INE704P01025,2024-10-21,NSE,EQ,EQ,BUY,FALSE,2,1539.7,3751681,NA,NA
BERGEPAINT,INE463A01038,2024-10-18,NSE,EQ,EQ,SELL,FALSE,2,549.7,4884331,NA,NA
BERGEPAINT,INE463A01038,2024-10-18,NSE,EQ,EQ,SELL,FALSE,10,549.65,4884332,NA,NA
BERGEPAINT,INE463A01038,2024-10-18,NSE,EQ,EQ,SELL,FALSE,18,549.65,4884333,NA,NA
AZAD,INE02IJ01035,2024-10-16,NSE,EQ,EQ,SELL,FALSE,7,1545.55,779963,NA,NA
COCHINSHIP,INE704P01025,2024-10-16,NSE,EQ,EQ,BUY,FALSE,2,1588.35,7780094,NA,NA
OLAELEC,INE0LXG01040,2024-10-15,NSE,EQ,EQ,BUY,FALSE,10,89.67,400173900,NA,NA
OLAELEC,INE0LXG01040,2024-10-14,NSE,EQ,EQ,BUY,FALSE,10,87.88,403678035,NA,NA
COCHINSHIP,INE704P01025,2024-10-14,NSE,EQ,EQ,BUY,FALSE,2,1631.2,3180595,NA,NA
PNCINFRA,INE195J01029,2024-10-14,NSE,EQ,EQ,SELL,FALSE,19,450.0,407841460,NA,NA
PNCINFRA,INE195J01029,2024-10-10,NSE,EQ,EQ,SELL,FALSE,10,449.8,400346270,NA,NA
AZAD,INE02IJ01035,2024-10-10,NSE,EQ,EQ,SELL,FALSE,2,1453.4,939099,NA,NA
AZAD,INE02IJ01035,2024-10-10,NSE,EQ,EQ,SELL,FALSE,1,1453.3,939100,NA,NA
AZAD,INE02IJ01035,2024-10-10,NSE,EQ,EQ,SELL,FALSE,2,1453.3,939101,NA,NA
COCHINSHIP,INE704P01025,2024-10-10,NSE,EQ,EQ,BUY,FALSE,2,1676.0,958360,NA,NA
OLAELEC,INE0LXG01040,2024-10-08,NSE,EQ,EQ,BUY,FALSE,10,91.92,404248809,NA,NA
AZAD,INE02IJ01035,2024-10-08,NSE,EQ,EQ,BUY,FALSE,3,1363.2,2988231,NA,NA
BAJAJHFL,INE377Y01014,2024-10-08,NSE,EQ,EQ,BUY,FALSE,14,138.0,498873,NA,NA
BAJAJHFL,INE377Y01014,2024-10-08,NSE,EQ,EQ,BUY,FALSE,46,138.0,498874,NA,NA
PNCINFRA,INE195J01029,2024-10-08,NSE,EQ,EQ,BUY,FALSE,4,423.05,404184858,NA,NA
PNCINFRA,INE195J01029,2024-10-08,NSE,EQ,EQ,BUY,FALSE,1,424.0,404345214,NA,NA
PNCINFRA,INE195J01029,2024-10-08,NSE,EQ,EQ,BUY,FALSE,4,424.0,404345215,NA,NA
COCHINSHIP,INE704P01025,2024-10-08,NSE,EQ,EQ,BUY,FALSE,2,1615.0,2970818,NA,NA
COCHINSHIP,INE704P01025,2024-10-08,NSE,EQ,EQ,BUY,FALSE,2,1600.5,3092235,NA,NA
TATATECH,INE142M01025,2024-10-07,NSE,EQ,EQ,SELL,FALSE,7,1038.55,603139150,NA,NA
NH,INE410P01011,2024-10-07,NSE,EQ,EQ,SELL,FALSE,4,1200.0,404272577,NA,NA
AZAD,INE02IJ01035,2024-10-04,NSE,EQ,EQ,BUY,FALSE,5,1386.2,778863,NA,NA
NH,INE410P01011,2024-10-04,NSE,EQ,EQ,SELL,FALSE,5,1206.0,401438618,NA,NA
PNCINFRA,INE195J01029,2024-10-04,NSE,EQ,EQ,BUY,FALSE,2,425.4,401509180,NA,NA
PNCINFRA,INE195J01029,2024-10-04,NSE,EQ,EQ,BUY,FALSE,1,425.4,401509181,NA,NA
PNCINFRA,INE195J01029,2024-10-04,NSE,EQ,EQ,BUY,FALSE,1,425.4,401509182,NA,NA
PNCINFRA,INE195J01029,2024-10-04,NSE,EQ,EQ,BUY,FALSE,6,425.4,401509183,NA,NA
OLAELEC,INE0LXG01040,2024-10-04,NSE,EQ,EQ,BUY,FALSE,10,96.61,401257601,NA,NA
COCHINSHIP,INE704P01025,2024-10-04,NSE,EQ,EQ,BUY,FALSE,3,1650.25,880558,NA,NA
AZAD,INE02IJ01035,2024-10-01,NSE,EQ,EQ,BUY,FALSE,3,1452.2,296250,NA,NA
OLAELEC,INE0LXG01040,2024-10-01,NSE,EQ,EQ,BUY,FALSE,10,100.07,400641059,NA,NA
HAPPSTMNDS,INE419U01012,2024-09-30,NSE,EQ,EQ,SELL,FALSE,5,811.1,207228723,NA,NA
AZAD,INE02IJ01035,2024-09-30,NSE,EQ,EQ,BUY,FALSE,2,1460.4,5766327,NA,NA
OLAELEC,INE0LXG01040,2024-09-30,NSE,EQ,EQ,BUY,FALSE,10,100.7,408422536,NA,NA
COCHINSHIP,INE704P01025,2024-09-30,NSE,EQ,EQ,BUY,FALSE,1,1718.35,5805924,NA,NA
OLAELEC,INE0LXG01040,2024-09-25,NSE,EQ,EQ,BUY,FALSE,14,106.28,401408131,NA,NA
OLAELEC,INE0LXG01040,2024-09-25,NSE,EQ,EQ,BUY,FALSE,36,106.29,401408132,NA,NA
PNCINFRA,INE195J01029,2024-09-24,NSE,EQ,EQ,BUY,FALSE,5,434.45,406506524,NA,NA
AZAD,INE02IJ01035,2024-09-20,NSE,EQ,EQ,BUY,FALSE,2,1479.8,1268941,NA,NA
COCHINSHIP,INE704P01025,2024-09-20,NSE,EQ,EQ,BUY,FALSE,1,1727.25,1194003,NA,NA
PNCINFRA,INE195J01029,2024-09-20,NSE,EQ,EQ,BUY,FALSE,10,438.0,401469435,NA,NA
AZAD,INE02IJ01035,2024-09-19,NSE,EQ,EQ,BUY,FALSE,1,1461.4,2501072,NA,NA
AZAD,INE02IJ01035,2024-09-19,NSE,EQ,EQ,BUY,FALSE,3,1461.4,2501073,NA,NA
COCHINSHIP,INE704P01025,2024-09-19,NSE,EQ,EQ,BUY,FALSE,1,1649.85,5181046,NA,NA
COCHINSHIP,INE704P01025,2024-09-19,NSE,EQ,EQ,BUY,FALSE,1,1649.85,5181047,NA,NA
NATIONALUM,INE139A01034,2024-09-19,NSE,EQ,EQ,SELL,FALSE,110,178.21,405871705,NA,NA
COCHINSHIP,INE704P01025,2024-09-16,NSE,EQ,EQ,BUY,FALSE,6,1793.25,1767582,NA,NA
BEARDSELL,INE520H01022,2024-09-10,NSE,EQ,EQ,SELL,FALSE,200,45.0,1158657,NA,NA
AZAD,INE02IJ01035,2024-09-10,NSE,EQ,EQ,BUY,FALSE,3,1516.5,1034881,NA,NA
AZAD,INE02IJ01035,2024-09-09,NSE,EQ,EQ,BUY,FALSE,5,1560.7,46159,NA,NA
AZAD,INE02IJ01035,2024-09-09,NSE,EQ,EQ,BUY,FALSE,2,1515.9,5717362,NA,NA
AZAD,INE02IJ01035,2024-09-09,NSE,EQ,EQ,BUY,FALSE,3,1515.95,5717363,NA,NA
PNCINFRA,INE195J01029,2024-08-30,NSE,EQ,EQ,BUY,FALSE,4,449.65,404728380,NA,NA
PNCINFRA,INE195J01029,2024-08-30,NSE,EQ,EQ,BUY,FALSE,6,449.65,404728381,NA,NA
POONAWALLA,INE511C01022,2024-08-29,NSE,EQ,EQ,SELL,FALSE,20,398.55,400041897,NA,NA
PNCINFRA,INE195J01029,2024-08-23,NSE,EQ,EQ,BUY,FALSE,10,464.5,403936099,NA,NA
TATATECH,INE142M01025,2024-08-21,NSE,EQ,EQ,SELL,FALSE,5,1030.0,603591756,NA,NA
PNCINFRA,INE195J01029,2024-08-21,NSE,EQ,EQ,BUY,FALSE,5,464.9,404324870,NA,NA
PNCINFRA,INE195J01029,2024-08-20,NSE,EQ,EQ,BUY,FALSE,5,464.9,408753769,NA,NA
NH,INE410P01011,2024-08-19,NSE,EQ,EQ,BUY,FALSE,2,1179.25,408204197,NA,NA
PNCINFRA,INE195J01029,2024-08-19,NSE,EQ,EQ,BUY,FALSE,5,467.75,408214101,NA,NA
NATIONALUM,INE139A01034,2024-08-16,NSE,EQ,EQ,BUY,FALSE,10,164.85,405658470,NA,NA
NH,INE410P01011,2024-08-16,NSE,EQ,EQ,BUY,FALSE,5,1183.3,405677467,NA,NA
CYIENTDLM,INE055S01018,2024-08-14,NSE,EQ,EQ,SELL,FALSE,13,763.2,1687820,NA,NA
CYIENTDLM,INE055S01018,2024-08-14,NSE,EQ,EQ,SELL,FALSE,1,763.15,1687821,NA,NA
NATIONALUM,INE139A01034,2024-08-14,NSE,EQ,EQ,BUY,FALSE,10,171.61,402748988,NA,NA
PNCINFRA,INE195J01029,2024-08-13,NSE,EQ,EQ,BUY,FALSE,2,487.35,403717198,NA,NA
PNCINFRA,INE195J01029,2024-08-13,NSE,EQ,EQ,BUY,FALSE,18,487.45,403717199,NA,NA
NH,INE410P01011,2024-08-13,NSE,EQ,EQ,BUY,FALSE,2,1192.2,407210949,NA,NA
BEL,INE263A01024,2024-08-13,NSE,EQ,EQ,SELL,FALSE,6,300.8,4876568,NA,NA
BEL,INE263A01024,2024-08-13,NSE,EQ,EQ,SELL,FALSE,10,300.8,4876569,NA,NA
BEL,INE263A01024,2024-08-13,NSE,EQ,EQ,SELL,FALSE,10,300.8,4876570,NA,NA
BEL,INE263A01024,2024-08-13,NSE,EQ,EQ,SELL,FALSE,4,300.8,4876571,NA,NA
TATAINVEST,INE672A01018,2024-08-13,NSE,EQ,EQ,BUY,FALSE,1,6000.0,608088545,NA,NA
NH,INE410P01011,2024-08-12,NSE,EQ,EQ,BUY,FALSE,4,1207.55,408388108,NA,NA
NATIONALUM,INE139A01034,2024-08-12,NSE,EQ,EQ,BUY,FALSE,10,174.84,408402483,NA,NA
NATIONALUM,INE139A01034,2024-08-08,NSE,EQ,EQ,BUY,FALSE,10,175.2,404048916,NA,NA
HAPPSTMNDS,INE419U01012,2024-08-08,NSE,EQ,EQ,BUY,FALSE,1,779.9,204241337,NA,NA
HAPPSTMNDS,INE419U01012,2024-08-08,NSE,EQ,EQ,BUY,FALSE,1,779.9,204241338,NA,NA
HAPPSTMNDS,INE419U01012,2024-08-08,NSE,EQ,EQ,BUY,FALSE,3,779.9,204241339,NA,NA
NH,INE410P01011,2024-08-08,NSE,EQ,EQ,BUY,FALSE,8,1224.7,407470347,NA,NA
POONAWALLA,INE511C01022,2024-08-07,NSE,EQ,EQ,BUY,FALSE,5,344.5,403024346,NA,NA
POONAWALLA,INE511C01022,2024-08-06,NSE,EQ,EQ,BUY,FALSE,10,342.2,411552702,NA,NA
NATIONALUM,INE139A01034,2024-08-06,NSE,EQ,EQ,BUY,FALSE,10,172.42,411573237,NA,NA
POONAWALLA,INE511C01022,2024-08-05,NSE,EQ,EQ,BUY,FALSE,10,355.0,404047243,NA,NA
NATIONALUM,INE139A01034,2024-08-05,NSE,EQ,EQ,BUY,FALSE,2,178.49,404006074,NA,NA
NATIONALUM,INE139A01034,2024-08-05,NSE,EQ,EQ,BUY,FALSE,8,178.49,404006075,NA,NA
HCLTECH,INE860A01027,2024-08-05,NSE,EQ,EQ,SELL,FALSE,2,1559.4,207051323,NA,NA
HCLTECH,INE860A01027,2024-08-05,NSE,EQ,EQ,SELL,FALSE,8,1559.4,207051324,NA,NA
POONAWALLA,INE511C01022,2024-08-01,NSE,EQ,EQ,BUY,FALSE,5,367.65,403251538,NA,NA
NH,INE410P01011,2024-07-31,NSE,EQ,EQ,SELL,FALSE,1,1267.65,400445816,NA,NA
NH,INE410P01011,2024-07-31,NSE,EQ,EQ,SELL,FALSE,1,1267.65,400445817,NA,NA
NH,INE410P01011,2024-07-31,NSE,EQ,EQ,SELL,FALSE,8,1267.65,400445818,NA,NA
POONAWALLA,INE511C01022,2024-07-31,NSE,EQ,EQ,BUY,FALSE,1,374.15,402005721,NA,NA
POONAWALLA,INE511C01022,2024-07-31,NSE,EQ,EQ,BUY,FALSE,4,374.15,402005722,NA,NA
TATATECH,INE142M01025,2024-07-30,NSE,EQ,EQ,BUY,FALSE,3,1003.85,600979903,NA,NA
POONAWALLA,INE511C01022,2024-07-30,NSE,EQ,EQ,BUY,FALSE,4,383.9,401127586,NA,NA
POONAWALLA,INE511C01022,2024-07-29,NSE,EQ,EQ,BUY,FALSE,5,379.8,408124915,NA,NA
POONAWALLA,INE511C01022,2024-07-25,NSE,EQ,EQ,BUY,FALSE,10,369.5,406424230,NA,NA
NATIONALUM,INE139A01034,2024-07-23,NSE,EQ,EQ,BUY,FALSE,50,179.95,407267037,NA,NA
CYIENTDLM,INE055S01018,2024-07-23,NSE,EQ,EQ,BUY,FALSE,4,732.2,5740853,NA,NA
POONAWALLA,INE511C01022,2024-07-23,NSE,EQ,EQ,BUY,FALSE,10,388.65,407615485,NA,NA
BEARDSELL,INE520H01022,2024-07-23,NSE,EQ,EQ,BUY,FALSE,200,33.99,7562010,NA,NA
POONAWALLA,INE511C01022,2024-07-15,NSE,EQ,EQ,BUY,FALSE,20,404.1,408926185,NA,NA
HAPPSTMNDS,INE419U01012,2024-07-10,NSE,EQ,EQ,BUY,FALSE,5,817.0,202446364,NA,NA
GOLDIAM,INE025B01025,2024-07-10,NSE,EQ,EQ,SELL,FALSE,31,182.24,200060942,NA,NA
