symbol,isin,trade_date,exchange,segment,series,trade_type,auction,quantity,price,trade_id,order_id,order_execution_time
ZOMATO,INE758T01015,2025-04-01,NSE,EQ,EQ,buy,False,10.0,202.18,600195903,1300000000843013,2025-04-01T09:16:06
IRFC,INE053F01010,2025-04-01,NSE,EQ,EQ,buy,False,10.0,123.19,200251401,1100000001154852,2025-04-01T09:16:29
BMW,INE374E01021,2025-04-01,BSE,EQ,B,buy,False,20.0,47.4,1044800,1743478200050058396,2025-04-01T09:21:22
JPPOWER,INE351F01018,2025-04-01,BSE,EQ,A,buy,False,50.0,14.5,1815900,1743478200050829800,2025-04-01T09:29:36
INSECTICID,INE070I01018,2025-04-01,BSE,EQ,B,buy,False,5.0,603.0,1992500,1743478200001645790,2025-04-01T09:49:08
HINDCOPPER,INE531E01026,2025-04-01,NSE,EQ,EQ,buy,False,4.0,222.0,205939231,1100000049718141,2025-04-01T12:52:23
HINDCOPPER,INE531E01026,2025-04-01,NSE,EQ,EQ,buy,False,6.0,222.0,205939305,1100000049718141,2025-04-01T12:52:23
ZOMATO,INE758T01015,2025-04-02,BSE,EQ,A,buy,False,10.0,202.9,841200,1743564600007442158,2025-04-02T09:31:06
M&MFIN,INE774D01024,2025-04-03,NSE,EQ,EQ,buy,False,30.0,264.6,400412249,1200000002239223,2025-04-03T09:18:32
HERANBA-BE,INE694N01015,2025-04-03,NSE,EQ,BE,buy,False,10.0,243.99,200908008,1100000005721555,2025-04-03T09:28:20
POONAWALLA,INE511C01022,2025-04-03,NSE,EQ,EQ,sell,False,55.0,353.05,401745602,1200000012572038,2025-04-03T09:45:17
M&MFIN,INE774D01024,2025-04-03,NSE,EQ,EQ,buy,False,20.0,263.0,402004788,1200000014549436,2025-04-03T09:51:11
HINDCOPPER,INE531E01026,2025-04-04,NSE,EQ,EQ,buy,False,10.0,218.35,200410565,1100000002609677,2025-04-04T09:19:48
TATAPOWER,INE245A01021,2025-04-04,NSE,EQ,EQ,sell,False,40.0,378.0,602367748,1300000015857254,2025-04-04T10:02:13
TATAPOWER,INE245A01021,2025-04-04,NSE,EQ,EQ,sell,False,10.0,378.0,602366882,1300000015857254,2025-04-04T10:02:13
POONAWALLA,INE511C01022,2025-04-07,NSE,EQ,EQ,buy,False,25.0,325.0,400085193,1200000000248347,2025-04-07T09:15:02
SBIN,INE062A01020,2025-04-07,BSE,EQ,A,sell,False,25.0,743.7,4550200,1743996600008926981,2025-04-07T09:37:18
ZOMATO,INE758T01015,2025-04-07,BSE,EQ,A,sell,False,60.0,206.1,4312200,1743996600009743090,2025-04-07T09:37:58
BMW,INE374E01021,2025-04-07,BSE,EQ,B,buy,False,20.0,42.49,7471200,1743996600001186918,2025-04-07T10:05:24
HINDCOPPER,INE531E01026,2025-04-07,NSE,EQ,EQ,buy,False,10.0,190.48,206255961,1100000042244477,2025-04-07T11:09:28
GRAPHITE,INE371A01025,2025-04-07,NSE,EQ,EQ,buy,False,5.0,444.5,206262524,1100000042301978,2025-04-07T11:09:44
JPPOWER,INE351F01018,2025-04-07,BSE,EQ,A,buy,False,50.0,14.03,14992800,1744002551336649331,2025-04-07T11:10:07
M&MFIN,INE774D01024,2025-04-07,BSE,EQ,A,buy,False,10.0,249.3,3940100,1744001090270612742,2025-04-07T11:10:17
LICHSGFIN,INE115A01026,2025-04-07,BSE,EQ,A,buy,False,5.0,537.65,12564100,1744003316370582322,2025-04-07T11:10:39
IRFC,INE053F01010,2025-04-07,BSE,EQ,A,buy,False,10.0,120.15,13389000,1744003821714372672,2025-04-07T11:10:50
LODHA,INE670K01029,2025-04-07,NSE,EQ,EQ,buy,False,2.0,1113.65,410334097,1200000083262534,2025-04-07T13:25:49
IRFC,INE053F01010,2025-04-08,BSE,EQ,A,buy,False,10.0,124.0,2815800,1744083000228023047,2025-04-08T09:15:00
M&MFIN,INE774D01024,2025-04-08,BSE,EQ,A,buy,False,10.0,256.0,477200,1744083000235002143,2025-04-08T09:15:00
TATASTEEL,INE081A01020,2025-04-08,NSE,EQ,EQ,buy,False,50.0,134.79,600040293,1300000000261868,2025-04-08T09:15:01
HINDCOPPER,INE531E01026,2025-04-08,NSE,EQ,EQ,buy,False,10.0,192.0,201303645,1100000000254783,2025-04-08T09:15:03
LODHA,INE670K01029,2025-04-08,BSE,EQ,A,buy,False,5.0,1120.0,608800,1744083000229010817,2025-04-08T09:15:07
GRAPHITE,INE371A01025,2025-04-08,NSE,EQ,EQ,buy,False,5.0,457.0,202345117,1100000000316077,2025-04-08T09:15:08
JPPOWER,INE351F01018,2025-04-08,BSE,EQ,A,buy,False,11.0,14.5,1341900,1744083000228169019,2025-04-08T09:15:09
JPPOWER,INE351F01018,2025-04-08,BSE,EQ,A,buy,False,39.0,14.5,1178900,1744083000228169019,2025-04-08T09:15:09
INSECTICID,INE070I01018,2025-04-08,NSE,EQ,EQ,buy,False,5.0,590.0,200508550,1100000000378762,2025-04-08T09:15:14
POONAWALLA,INE511C01022,2025-04-09,NSE,EQ,EQ,sell,False,25.0,348.0,402192993,1200000019435004,2025-04-09T10:13:41
LODHA,INE670K01029,2025-04-09,BSE,EQ,A,buy,False,2.0,1120.0,2958200,1744173252741176708,2025-04-09T10:22:13
LICHSGFIN,INE115A01026,2025-04-09,BSE,EQ,A,sell,False,10.0,545.0,7539000,1744175893777361992,2025-04-09T11:03:56
INSECTICID,INE070I01018,2025-04-09,BSE,EQ,B,sell,False,10.0,630.0,4264300,1744184274221037451,2025-04-09T13:14:00
JPPOWER,INE351F01018,2025-04-11,BSE,EQ,A,buy,False,50.0,14.6,444000,1744342200022000533,2025-04-11T09:15:04
GRAPHITE,INE371A01025,2025-04-11,BSE,EQ,A,buy,False,1.0,458.8,881100,1744342200016008148,2025-04-11T09:15:04
GRAPHITE,INE371A01025,2025-04-11,BSE,EQ,A,buy,False,4.0,458.85,881300,1744342200016008148,2025-04-11T09:15:04
ZENSARTECH,INE520A01027,2025-04-11,NSE,EQ,EQ,buy,False,2.0,640.05,600197957,1300000000333483,2025-04-11T09:15:43
ZENSARTECH,INE520A01027,2025-04-11,NSE,EQ,EQ,buy,False,13.0,640.05,600197958,1300000000333483,2025-04-11T09:15:43
CCL,INE421D01022,2025-04-11,NSE,EQ,EQ,sell,False,12.0,610.25,2633266,1000000025288322,2025-04-11T10:50:34
CCL,INE421D01022,2025-04-11,NSE,EQ,EQ,sell,False,3.0,610.25,2633265,1000000025288322,2025-04-11T10:50:34
IRFC,INE053F01010,2025-04-11,NSE,EQ,EQ,buy,False,10.0,123.8,203260238,1100000025806186,2025-04-11T10:52:09
LODHA,INE670K01029,2025-04-15,NSE,EQ,EQ,sell,False,5.0,1181.0,402228662,1200000014524138,2025-04-15T09:59:12
GRAPHITE,INE371A01025,2025-04-16,BSE,EQ,A,sell,False,10.0,472.5,1605800,1744774200026781666,2025-04-16T09:35:52
BAJAJHFL,INE377Y01014,2025-04-17,NSE,EQ,EQ,sell,False,4.0,128.5,1570133,1000000012132574,2025-04-17T10:01:23
BAJAJHFL,INE377Y01014,2025-04-17,NSE,EQ,EQ,sell,False,10.0,128.5,1570134,1000000012132574,2025-04-17T10:01:23
BAJAJHFL,INE377Y01014,2025-04-17,NSE,EQ,EQ,sell,False,6.0,128.5,1570135,1000000012132574,2025-04-17T10:01:23
BMW,INE374E01021,2025-04-17,BSE,EQ,B,sell,False,1.0,48.7,9087600,1744860600030273573,2025-04-17T13:02:35
TATATECH,INE142M01025,2025-04-21,BSE,EQ,A,buy,False,5.0,670.0,2192900,1745208472302145299,2025-04-21T09:42:46
ZENSARTECH,INE520A01027,2025-04-22,NSE,EQ,EQ,sell,False,2.0,680.05,608750553,1300000067383076,2025-04-22T15:06:15
ZENSARTECH,INE520A01027,2025-04-22,NSE,EQ,EQ,sell,False,12.0,680.1,608750551,1300000067383076,2025-04-22T15:06:15
ZENSARTECH,INE520A01027,2025-04-22,NSE,EQ,EQ,sell,False,1.0,680.05,608750552,1300000067383076,2025-04-22T15:06:15
VSSL,INE050M01012,2025-04-23,BSE,EQ,B,sell,False,50.0,249.0,6625900,1745379000001512171,2025-04-23T10:04:31
BMW,INE374E01021,2025-04-23,BSE,EQ,B,sell,False,95.0,51.0,2865200,1745379000001151391,2025-04-23T10:08:00
BMW,INE374E01021,2025-04-23,BSE,EQ,B,sell,False,5.0,51.0,2847400,1745379000001151391,2025-04-23T10:08:00
LICHSGFIN,INE115A01026,2025-04-23,NSE,EQ,EQ,sell,False,25.0,600.0,402803954,1200000019942521,2025-04-23T10:11:36
BAJAJHFL,INE377Y01014,2025-04-23,BSE,EQ,B,sell,False,30.0,129.45,2009700,1745382689514167760,2025-04-23T10:13:38
IRFC,INE053F01010,2025-04-23,NSE,EQ,EQ,sell,False,20.0,130.0,203646361,1100000026894414,2025-04-23T10:47:42
HINDCOPPER,INE531E01026,2025-04-23,BSE,EQ,A,sell,False,20.0,220.0,2493400,1745384760885240752,2025-04-23T10:47:47
GRAPHITE,INE371A01025,2025-04-23,BSE,EQ,A,sell,False,20.0,475.0,7042800,1745384765615540323,2025-04-23T10:56:07
JPPOWER,INE351F01018,2025-04-23,BSE,EQ,A,sell,False,50.0,15.51,6301600,1745384392578738744,2025-04-23T10:56:52
JPPOWER,INE351F01018,2025-04-23,BSE,EQ,A,sell,False,50.0,15.52,6301400,1745384392578738744,2025-04-23T10:56:52
VSSL,INE050M01012,2025-04-24,BSE,EQ,B,sell,False,60.0,277.0,2552300,1745466993075062575,2025-04-24T09:27:36
LODHA,INE670K01029,2025-04-24,NSE,EQ,EQ,sell,False,10.0,1340.0,401065749,1200000007366919,2025-04-24T09:29:35
BEARDSELL,INE520H01022,2025-04-24,NSE,EQ,EQ,buy,False,100.0,29.65,3089463,1000000028201850,2025-04-24T11:32:13
INSECTICID,INE070I01018,2025-04-24,NSE,EQ,EQ,sell,False,20.0,730.0,205227396,1100000041526646,2025-04-24T12:51:03
JPPOWER,INE351F01018,2025-04-25,NSE,EQ,EQ,buy,False,50.0,14.85,406276796,1200000053980320,2025-04-25T11:51:48
BEARDSELL,INE520H01022,2025-04-25,NSE,EQ,EQ,buy,False,1.0,27.69,4861707,1000000043021781,2025-04-25T11:53:59
BEARDSELL,INE520H01022,2025-04-25,NSE,EQ,EQ,buy,False,49.0,27.7,4861708,1000000043021781,2025-04-25T11:53:59
LODHA,INE670K01029,2025-04-25,BSE,EQ,A,sell,False,13.0,1300.3,12548600,1745562188519063541,2025-04-25T11:56:10
HINDCOPPER,INE531E01026,2025-04-25,NSE,EQ,EQ,buy,False,10.0,215.0,206045277,1100000050489486,2025-04-25T12:12:52
M&MFIN,INE774D01024,2025-04-28,NSE,EQ,EQ,sell,False,30.0,262.0,400273856,1200000001556599,2025-04-28T09:17:24
DHARMAJ,INE00OQ01016,2025-04-28,NSE,EQ,EQ,buy,False,1.0,207.78,203089980,1100000023723863,2025-04-28T10:21:59
DHARMAJ,INE00OQ01016,2025-04-28,NSE,EQ,EQ,buy,False,4.0,207.82,203089981,1100000023723863,2025-04-28T10:21:59
CCL,INE421D01022,2025-04-30,NSE,EQ,EQ,sell,False,10.0,600.0,4006918,1000000033211802,2025-04-30T11:54:51
INSECTICID,INE070I01018,2025-05-02,BSE,EQ,B,sell,False,17.0,682.05,52700,1746156600045047039,2025-05-02T09:15:01
BEARDSELL,INE520H01022,2025-05-02,NSE,EQ,EQ,buy,False,50.0,27.15,45678,1000000000219958,2025-05-02T09:15:03
DHARMAJ,INE00OQ01016,2025-05-02,NSE,EQ,EQ,buy,False,10.0,203.0,200315569,1100000001663451,2025-05-02T09:17:10
BMW,INE374E01021,2025-05-02,BSE,EQ,B,buy,False,51.0,47.15,2095200,1746156600040020633,2025-05-02T09:38:52
IGIL,INE0Q9301021,2025-05-05,NSE,EQ,EQ,buy,False,30.0,344.95,200046319,1100000000269100,2025-05-05T09:15:01
JPPOWER,INE351F01018,2025-05-05,BSE,EQ,A,buy,False,50.0,14.28,291900,1746415800013081058,2025-05-05T09:16:18
GAEL,INE036B01030,2025-05-05,NSE,EQ,EQ,buy,False,50.0,115.0,206479946,1100000055808633,2025-05-05T14:04:03
BMW,INE374E01021,2025-05-06,BSE,EQ,B,sell,False,350.0,54.3,590300,1746502200009095917,2025-05-06T09:19:22
TATASTEEL,INE081A01020,2025-05-06,BSE,EQ,A,sell,False,50.0,142.25,450200,1746502200012211273,2025-05-06T09:22:19
BEARDSELL,INE520H01022,2025-05-06,NSE,EQ,EQ,buy,False,17.0,27.0,4275452,1000000039365786,2025-05-06T12:49:11
BEARDSELL,INE520H01022,2025-05-06,NSE,EQ,EQ,buy,False,33.0,27.0,4275451,1000000039365786,2025-05-06T12:49:11
YUKEN,INE384C01016,2025-05-06,NSE,EQ,EQ,buy,False,4.0,783.4,606016720,1300000053093096,2025-05-06T14:16:45
YUKEN,INE384C01016,2025-05-06,NSE,EQ,EQ,buy,False,3.0,783.85,606016722,1300000053093096,2025-05-06T14:16:45
YUKEN,INE384C01016,2025-05-06,NSE,EQ,EQ,buy,False,3.0,783.8,606016721,1300000053093096,2025-05-06T14:16:45
IRFC,INE053F01010,2025-05-06,NSE,EQ,EQ,buy,False,10.0,121.25,206358739,1100000057659091,2025-05-06T14:18:02
NATIONALUM,INE139A01034,2025-05-06,NSE,EQ,EQ,buy,False,50.0,155.0,406307427,1200000063352519,2025-05-06T14:55:00
CCL,INE421D01022,2025-05-07,BSE,EQ,A,sell,False,25.0,680.0,548200,1746588600011003552,2025-05-07T09:15:02
BEARDSELL,INE520H01022,2025-05-07,NSE,EQ,EQ,buy,False,50.0,26.7,965699,1000000001929437,2025-05-07T09:17:56
ITDC,INE353K01014,2025-05-07,NSE,EQ,EQ,buy,False,5.0,530.0,202219983,1100000016825369,2025-05-07T09:53:59
ITDC,INE353K01014,2025-05-07,NSE,EQ,EQ,buy,False,15.0,530.0,202219984,1100000016825369,2025-05-07T09:53:59
HINDCOPPER,INE531E01026,2025-05-07,NSE,EQ,EQ,buy,False,10.0,210.0,204657253,1100000043311381,2025-05-07T11:43:35
IRFC,INE053F01010,2025-05-07,NSE,EQ,EQ,buy,False,10.0,121.5,209044778,1100000080805074,2025-05-07T15:25:58
JPPOWER,INE351F01018,2025-05-08,BSE,EQ,A,buy,False,50.0,13.8,217100,1746675000236011393,2025-05-08T09:15:06
AARTIDRUGS,INE767A01016,2025-05-08,NSE,EQ,EQ,sell,False,15.0,420.0,152163,1000000000608639,2025-05-08T09:15:42
GAEL,INE036B01030,2025-05-08,NSE,EQ,EQ,buy,False,30.0,114.2,204151079,1100000035249720,2025-05-08T12:20:11
DHARMAJ,INE00OQ01016,2025-05-08,NSE,EQ,EQ,sell,False,30.0,233.11,207507287,1100000062611911,2025-05-08T14:55:57
POLYPLEX,INE633B01018,2025-05-09,NSE,EQ,EQ,buy,False,4.0,1178.9,400075477,1200000000328003,2025-05-09T09:15:12
POLYPLEX,INE633B01018,2025-05-09,NSE,EQ,EQ,buy,False,1.0,1178.9,400075478,1200000000328003,2025-05-09T09:15:12
GRAPHITE,INE371A01025,2025-05-09,NSE,EQ,EQ,sell,False,6.0,440.0,200322185,1100000001572840,2025-05-09T09:16:57
GRAPHITE,INE371A01025,2025-05-09,NSE,EQ,EQ,sell,False,4.0,440.0,200322189,1100000001572840,2025-05-09T09:16:57
M&MFIN,INE774D01024,2025-05-12,BSE,EQ,A,buy,False,20.0,254.85,2392300,1747020600054001777,2025-05-12T09:15:04
SELAN,INE818A01017,2025-05-12,NSE,EQ,EQ,buy,False,10.0,515.0,600167357,1300000000422586,2025-05-12T09:15:08
DHARMAJ,INE00OQ01016,2025-05-13,NSE,EQ,EQ,sell,False,20.0,238.0,200406826,1100000002334421,2025-05-13T09:18:15
NATIONALUM,INE139A01034,2025-05-13,BSE,EQ,A,sell,False,50.0,166.0,5535400,1747120679914850639,2025-05-13T13:45:06
JPPOWER,INE351F01018,2025-05-14,BSE,EQ,A,buy,False,50.0,14.65,9662600,1747202112695050794,2025-05-14T11:29:58
YUKEN,INE384C01016,2025-05-14,NSE,EQ,EQ,sell,False,1.0,878.5,604346849,1300000034408214,2025-05-14T11:33:29
YUKEN,INE384C01016,2025-05-14,NSE,EQ,EQ,sell,False,4.0,878.45,604346850,1300000034408214,2025-05-14T11:33:29
YUKEN,INE384C01016,2025-05-14,NSE,EQ,EQ,sell,False,1.0,878.55,604346848,1300000034408214,2025-05-14T11:33:29
YUKEN,INE384C01016,2025-05-16,BSE,EQ,B,sell,False,1.0,950.0,3316200,1747366200001086108,2025-05-16T09:27:43
YUKEN,INE384C01016,2025-05-16,BSE,EQ,B,sell,False,1.0,950.0,3315600,1747366200001086108,2025-05-16T09:27:43
YUKEN,INE384C01016,2025-05-16,BSE,EQ,B,sell,False,1.0,950.0,3315200,1747366200001086108,2025-05-16T09:27:43
YUKEN,INE384C01016,2025-05-16,BSE,EQ,B,sell,False,1.0,950.0,3315400,1747366200001086108,2025-05-16T09:27:43
YUKEN,INE384C01016,2025-05-16,BSE,EQ,B,sell,False,5.0,950.0,3315800,1747366200001086108,2025-05-16T09:27:43
YUKEN,INE384C01016,2025-05-16,BSE,EQ,B,sell,False,1.0,950.0,3316000,1747366200001086108,2025-05-16T09:27:43
IGIL,INE0Q9301021,2025-05-16,BSE,EQ,B,sell,False,1.0,376.0,9304600,1747369048120746977,2025-05-16T10:13:50
IGIL,INE0Q9301021,2025-05-16,BSE,EQ,B,sell,False,6.0,376.0,9305600,1747369048120746977,2025-05-16T10:13:50
IGIL,INE0Q9301021,2025-05-16,BSE,EQ,B,sell,False,13.0,376.0,9370000,1747369048120746977,2025-05-16T10:13:50
IGIL,INE0Q9301021,2025-05-16,BSE,EQ,B,sell,False,10.0,376.0,9349800,1747369048120746977,2025-05-16T10:13:50
FIVESTAR,INE128S01021,2025-05-19,NSE,EQ,EQ,buy,False,20.0,670.0,202446529,1100000014803326,2025-05-19T09:45:19
GRAPHITE,INE371A01025,2025-05-19,NSE,EQ,EQ,sell,False,20.0,543.5,204122004,1100000028985319,2025-05-19T10:30:25
JPPOWER,INE351F01018,2025-05-19,BSE,EQ,A,sell,False,200.0,15.36,13146200,1747630331365361100,2025-05-19T10:34:49
IRFC,INE053F01010,2025-05-20,NSE,EQ,EQ,sell,False,100.0,138.0,200572232,1100000003343297,2025-05-20T09:20:14
BEARDSELL,INE520H01022,2025-05-20,NSE,EQ,EQ,sell,False,300.0,30.5,937091,1000000006370447,2025-05-20T09:28:50
ITDC,INE353K01014,2025-05-20,BSE,EQ,B,sell,False,20.0,600.0,1601000,1747711800000513879,2025-05-20T09:30:23
TATATECH,INE142M01025,2025-05-20,BSE,EQ,A,sell,False,10.0,755.0,15519700,1747720045690576895,2025-05-20T11:49:06
SELAN,INE818A01017,2025-05-20,BSE,EQ,B,sell,False,10.0,565.0,7291700,1747722027361846310,2025-05-20T12:31:06
POLYPLEX,INE633B01018,2025-05-20,BSE,EQ,A,sell,False,5.0,1280.0,7116600,1747726547767679621,2025-05-20T14:13:42
HINDCOPPER,INE531E01026,2025-05-21,BSE,EQ,A,sell,False,30.0,224.0,339900,1747798200085111876,2025-05-21T09:19:53
M&MFIN-RE1-R,INE774D20024,2025-05-26,BSE,EQ,R,sell,False,7.0,59.5,14300,1748230200011003079,2025-05-26T09:15:02
BAJAJHFL,INE377Y01014,2025-05-27,NSE,EQ,EQ,buy,False,1.0,123.51,5885088,1000000059214068,2025-05-27T14:29:23
GAEL,INE036B01030,2025-05-28,NSE,EQ,EQ,buy,False,10.0,114.63,202339445,1100000018633580,2025-05-28T10:07:15
YUKEN,INE384C01016,2025-05-28,BSE,EQ,B,sell,False,9.0,1051.2,33796500,1748425787976120736,2025-05-28T15:29:56
YUKEN,INE384C01016,2025-05-28,BSE,EQ,B,sell,False,1.0,1051.2,33792000,1748425787976120736,2025-05-28T15:29:56
HINDCOPPER,INE531E01026,2025-05-30,BSE,EQ,A,sell,False,50.0,247.0,1235300,1748579404050484980,2025-05-30T10:24:15
AARTIDRUGS,INE767A01016,2025-05-30,BSE,EQ,B,sell,False,25.0,460.0,4380000,1748580213754627752,2025-05-30T10:32:42
AARTIDRUGS,INE767A01016,2025-05-30,BSE,EQ,B,sell,False,1.0,460.05,4379800,1748580213754627752,2025-05-30T10:32:42
AARTIDRUGS,INE767A01016,2025-05-30,BSE,EQ,B,sell,False,1.0,460.0,4380100,1748580213754627752,2025-05-30T10:32:42
AARTIDRUGS,INE767A01016,2025-05-30,BSE,EQ,B,sell,False,23.0,460.0,4380300,1748580213754627752,2025-05-30T10:32:42
BAJAJHFL,INE377Y01014,2025-06-02,NSE,EQ,EQ,buy,False,1.0,122.39,5243244,1000000049655914,2025-06-02T13:34:25
YUKEN,INE384C01016,2025-06-03,NSE,EQ,EQ,sell,False,11.0,1053.1,601487562,1300000009407360,2025-06-03T09:37:33
YUKEN,INE384C01016,2025-06-03,NSE,EQ,EQ,sell,False,2.0,1052.8,601487563,1300000009407360,2025-06-03T09:37:33
HINDCOPPER,INE531E01026,2025-06-03,NSE,EQ,EQ,sell,False,50.0,252.0,202925331,1100000021780954,2025-06-03T10:16:40
HERANBA-T,INE694N01015,2025-06-03,BSE,EQ,T,sell,False,15.0,298.8,161900,1748923200000000043,2025-06-03T10:34:04
FINPIPE,INE183A01024,2025-06-04,NSE,EQ,EQ,buy,False,46.0,217.67,200265366,1100000000276190,2025-06-04T09:15:00
FIVESTAR,INE128S01021,2025-06-04,NSE,EQ,EQ,buy,False,4.0,684.95,200045560,1100000000321337,2025-06-04T09:15:03
ITC,INE154A01025,2025-06-04,NSE,EQ,EQ,buy,False,23.0,418.0,200062435,1100000000411310,2025-06-04T09:15:10
IRFC,INE053F01010,2025-06-04,NSE,EQ,EQ,sell,False,120.0,140.1,201129580,1100000008594460,2025-06-04T09:35:32
BBL,INE464A01036,2025-06-04,NSE,EQ,EQ,buy,False,1.0,2899.9,2531152,1000000022887552,2025-06-04T10:45:12
COALINDIA,INE522F01014,2025-06-04,NSE,EQ,EQ,buy,False,25.0,393.45,3695398,1000000034107470,2025-06-04T12:02:41
PNCINFRA,INE195J01029,2025-06-05,NSE,EQ,EQ,sell,False,10.0,300.0,401362222,1200000011136622,2025-06-05T09:47:37
VBL,INE200M01039,2025-06-05,NSE,EQ,EQ,buy,False,21.0,472.5,601956528,1300000013632358,2025-06-05T09:53:40
PNCINFRA,INE195J01029,2025-06-05,NSE,EQ,EQ,sell,False,10.0,316.5,402488164,1200000021261452,2025-06-05T10:37:59
BBL,INE464A01036,2025-06-06,NSE,EQ,EQ,sell,False,1.0,3039.3,492710,1000000002956161,2025-06-06T09:19:37
RPGLIFE,INE105J01010,2025-06-06,NSE,EQ,EQ,buy,False,1.0,2138.3,606178760,1300000051925267,2025-06-06T13:14:03
RPGLIFE,INE105J01010,2025-06-06,NSE,EQ,EQ,buy,False,3.0,2138.4,606178761,1300000051925267,2025-06-06T13:14:03
FIVESTAR,INE128S01021,2025-06-06,NSE,EQ,EQ,sell,False,24.0,735.0,206958039,1100000059622334,2025-06-06T13:21:28
PNCINFRA,INE195J01029,2025-06-09,NSE,EQ,EQ,sell,False,10.0,318.85,402215091,1200000016805863,2025-06-09T10:05:35
JPPOWER,INE351F01018,2025-06-10,BSE,EQ,A,sell,False,800.0,17.3,1612100,1749526200005620496,2025-06-10T09:22:56
DHARMAJ-BE,INE00OQ01016,2025-06-10,NSE,EQ,BE,sell,False,50.0,263.0,205330024,1100000039381063,2025-06-10T12:05:31
DHARMAJ-BE,INE00OQ01016,2025-06-10,NSE,EQ,BE,sell,False,30.0,263.0,205448227,1100000039381063,2025-06-10T12:05:31
ELECTCAST,INE086A01029,2025-06-10,BSE,EQ,A,sell,False,30.0,116.05,6223300,1749541090271808035,2025-06-10T14:17:13
ELECTCAST,INE086A01029,2025-06-11,NSE,EQ,EQ,sell,False,20.0,123.57,204147007,1100000032422256,2025-06-11T11:19:11
M&MFIN,INE774D01024,2025-06-12,NSE,EQ,EQ,sell,False,3.0,275.8,403600901,1200000037343592,2025-06-12T11:45:37
M&MFIN,INE774D01024,2025-06-12,NSE,EQ,EQ,sell,False,2.0,275.8,403600902,1200000037343592,2025-06-12T11:45:37
M&MFIN,INE774D01024,2025-06-12,NSE,EQ,EQ,sell,False,55.0,275.8,403600903,1200000037343592,2025-06-12T11:45:37
SHAILY,INE151G01028,2025-06-12,NSE,EQ,EQ,buy,False,1.0,1775.9,606599754,1300000052877144,2025-06-12T13:07:00
SHAILY,INE151G01028,2025-06-12,NSE,EQ,EQ,buy,False,1.0,1775.9,606599752,1300000052877144,2025-06-12T13:07:00
SHAILY,INE151G01028,2025-06-12,NSE,EQ,EQ,buy,False,1.0,1775.9,606599753,1300000052877144,2025-06-12T13:07:00
SHAILY,INE151G01028,2025-06-12,NSE,EQ,EQ,buy,False,4.0,1776.0,606599755,1300000052877144,2025-06-12T13:07:00
BBL,INE464A01036,2025-06-12,NSE,EQ,EQ,buy,False,3.0,2967.1,5467551,1000000051466576,2025-06-12T14:09:31
TATATECH,INE142M01025,2025-06-12,NSE,EQ,EQ,sell,False,3.0,765.35,609466871,1300000076741910,2025-06-12T14:58:56
COALINDIA,INE522F01014,2025-06-13,BSE,EQ,A,buy,False,25.0,388.15,238600,1749785400114041168,2025-06-13T09:15:09
NCC,INE868B01028,2025-06-13,NSE,EQ,EQ,buy,False,42.0,226.23,400083583,1200000000378827,2025-06-13T09:15:11
INDUSTOWER,INE121J01017,2025-06-13,NSE,EQ,EQ,buy,False,26.0,376.65,200124924,1100000000515722,2025-06-13T09:15:11
ITC,INE154A01025,2025-06-13,NSE,EQ,EQ,buy,False,23.0,415.0,208367812,1100000073728910,2025-06-13T14:06:20
VBL,INE200M01039,2025-06-16,NSE,EQ,EQ,buy,False,20.0,460.0,603610508,1300000031102552,2025-06-16T10:42:28
BBL,INE464A01036,2025-06-17,NSE,EQ,EQ,buy,False,3.0,2950.0,41298,1000000000274945,2025-06-17T09:15:03
POLYPLEX,INE633B01018,2025-06-17,NSE,EQ,EQ,buy,False,7.0,1250.0,404255606,1200000043683493,2025-06-17T12:45:21
NCC,INE868B01028,2025-06-18,NSE,EQ,EQ,buy,False,43.0,223.45,403562340,1200000002684421,2025-06-18T09:20:15
INFY,INE009A01021,2025-06-18,NSE,EQ,EQ,buy,False,8.0,1632.4,203751436,1100000036496897,2025-06-18T11:21:03
RPGLIFE,INE105J01010,2025-06-18,NSE,EQ,EQ,sell,False,4.0,2300.0,603774480,1300000034872026,2025-06-18T11:32:24
LXCHEM,INE576O01020,2025-06-18,NSE,EQ,EQ,buy,False,1.0,193.58,403156552,1200000039062028,2025-06-18T11:58:44
LXCHEM,INE576O01020,2025-06-18,NSE,EQ,EQ,buy,False,7.0,193.56,403156550,1200000039062028,2025-06-18T11:58:44
LXCHEM,INE576O01020,2025-06-18,NSE,EQ,EQ,buy,False,52.0,193.57,403156551,1200000039062028,2025-06-18T11:58:44
BAJAJHFL,INE377Y01014,2025-06-18,NSE,EQ,EQ,buy,False,20.0,120.53,2832759,1000000032845106,2025-06-18T12:00:27
TORNTPOWER,INE813H01021,2025-06-18,NSE,EQ,EQ,buy,False,7.0,1385.0,606269402,1300000049951631,2025-06-18T13:00:32
FINPIPE,INE183A01024,2025-06-19,NSE,EQ,EQ,sell,False,46.0,230.4,200205529,1100000001625097,2025-06-19T09:17:01
BBL,INE464A01036,2025-06-19,NSE,EQ,EQ,buy,False,4.0,2855.0,1862186,1000000019599821,2025-06-19T10:33:19
AGARIND,INE204E01012,2025-06-19,NSE,EQ,EQ,buy,False,10.0,955.0,3287140,1000000036870884,2025-06-19T12:18:46
INDUSTOWER,INE121J01017,2025-06-19,NSE,EQ,EQ,sell,False,26.0,389.5,208841183,1100000087690568,2025-06-19T15:19:39
SYRMA,INE0DYJ01015,2025-06-20,NSE,EQ,EQ,buy,False,18.0,505.0,600658210,1300000005133472,2025-06-20T09:24:10
POLYPLEX,INE633B01018,2025-06-20,NSE,EQ,EQ,buy,False,8.0,1210.0,403946485,1200000009470457,2025-06-20T09:35:42
ELECTCAST,INE086A01029,2025-06-20,NSE,EQ,EQ,buy,False,10.0,124.93,201623782,1100000015036981,2025-06-20T09:48:45
JPPOWER,INE351F01018,2025-06-23,NSE,EQ,EQ,sell,False,99.0,17.16,201823666,1100000017047681,2025-06-23T09:53:12
JPPOWER,INE351F01018,2025-06-23,NSE,EQ,EQ,sell,False,801.0,17.16,201823667,1100000017047681,2025-06-23T09:53:12
SAIL,INE114A01011,2025-06-24,NSE,EQ,EQ,buy,False,78.0,129.0,600208591,1300000000630922,2025-06-24T09:15:26
SYRMA,INE0DYJ01015,2025-06-24,NSE,EQ,EQ,sell,False,18.0,530.0,607741568,1300000077603068,2025-06-24T15:00:01
TATATECH,INE142M01025,2025-06-26,NSE,EQ,EQ,buy,False,5.0,701.15,602684493,1300000023366209,2025-06-26T10:38:18
IGIL,INE0Q9301021,2025-06-26,NSE,EQ,EQ,buy,False,1.0,362.7,203121142,1100000026428341,2025-06-26T10:43:01
IGIL,INE0Q9301021,2025-06-26,NSE,EQ,EQ,buy,False,8.0,362.65,203121141,1100000026428341,2025-06-26T10:43:01
IGIL,INE0Q9301021,2025-06-26,NSE,EQ,EQ,buy,False,8.0,362.75,203121143,1100000026428341,2025-06-26T10:43:01
IGIL,INE0Q9301021,2025-06-26,NSE,EQ,EQ,buy,False,11.0,362.8,203121144,1100000026428341,2025-06-26T10:43:01
JINDALSAW,INE324A01032,2025-06-26,NSE,EQ,EQ,buy,False,19.0,241.31,205669549,1100000050087953,2025-06-26T12:40:48
JINDALSAW,INE324A01032,2025-06-26,NSE,EQ,EQ,buy,False,10.0,241.29,205669545,1100000050087953,2025-06-26T12:40:48
JINDALSAW,INE324A01032,2025-06-26,NSE,EQ,EQ,buy,False,3.0,241.3,205669546,1100000050087953,2025-06-26T12:40:48
JINDALSAW,INE324A01032,2025-06-26,NSE,EQ,EQ,buy,False,6.0,241.3,205669547,1100000050087953,2025-06-26T12:40:48
JINDALSAW,INE324A01032,2025-06-26,NSE,EQ,EQ,buy,False,12.0,241.3,205669548,1100000050087953,2025-06-26T12:40:48
JINDALSAW,INE324A01032,2025-06-26,NSE,EQ,EQ,sell,False,50.0,240.87,207474266,1100000067067953,2025-06-26T14:11:15
SHAILY,INE151G01028,2025-06-26,NSE,EQ,EQ,buy,False,1.0,1669.5,606344593,1300000062732562,2025-06-26T14:26:11
SHAILY,INE151G01028,2025-06-26,NSE,EQ,EQ,buy,False,1.0,1669.6,606344594,1300000062732562,2025-06-26T14:26:11
JINDALSAW,INE324A01032,2025-06-26,NSE,EQ,EQ,buy,False,50.0,242.0,209979202,1100000082670022,2025-06-26T15:20:23
SHAILY,INE151G01028,2025-06-27,NSE,EQ,EQ,buy,False,3.0,1660.0,600097340,1300000000452577,2025-06-27T09:15:10
GAEL,INE036B01030,2025-06-27,NSE,EQ,EQ,buy,False,26.0,113.67,200098899,1100000000650529,2025-06-27T09:15:23
GAEL,INE036B01030,2025-06-27,NSE,EQ,EQ,buy,False,14.0,113.67,200098900,1100000000650529,2025-06-27T09:15:23
TATATECH,INE142M01025,2025-06-27,NSE,EQ,EQ,buy,False,5.0,713.0,600388261,1300000002722770,2025-06-27T09:19:25
HERANBA-BE,INE694N01015,2025-06-27,NSE,EQ,BE,sell,False,20.0,300.0,200669080,1100000005179611,2025-06-27T09:24:15
ELECTCAST,INE086A01029,2025-06-27,NSE,EQ,EQ,sell,False,30.0,134.0,203756871,1100000032579703,2025-06-27T11:00:14
BBL,INE464A01036,2025-06-27,NSE,EQ,EQ,sell,False,1.0,3080.4,6285891,1000000066189957,2025-06-27T14:48:47
BBL,INE464A01036,2025-06-27,NSE,EQ,EQ,sell,False,1.0,3081.1,6285890,1000000066189957,2025-06-27T14:48:47
BBL,INE464A01036,2025-06-27,NSE,EQ,EQ,sell,False,1.0,3081.2,6285888,1000000066189957,2025-06-27T14:48:47
BBL,INE464A01036,2025-06-27,NSE,EQ,EQ,sell,False,2.0,3081.1,6285889,1000000066189957,2025-06-27T14:48:47
GAEL,INE036B01030,2025-06-30,NSE,EQ,EQ,buy,False,20.0,112.17,200893870,1100000006481225,2025-06-30T09:26:18
LODHA,INE670K01029,2025-06-30,NSE,EQ,EQ,buy,False,6.0,1399.0,401081696,1200000009125903,2025-06-30T09:34:17
TORNTPOWER,INE813H01021,2025-06-30,NSE,EQ,EQ,sell,False,7.0,1470.0,608063974,1300000064796737,2025-06-30T14:07:43
HERANBA,INE694N01015,2025-07-01,NSE,EQ,EQ,sell,False,10.0,345.0,208203061,1100000074918489,2025-07-01T14:54:03
GOACARBON,INE426D01013,2025-07-02,BSE,EQ,B,buy,False,20.0,493.0,2299000,1751427000005422126,2025-07-02T09:23:17
LUXIND,INE150G01020,2025-07-02,NSE,EQ,EQ,buy,False,6.0,1446.0,401093059,1200000009773184,2025-07-02T09:40:19
BBL,INE464A01036,2025-07-02,BSE,EQ,A,sell,False,4.0,3039.0,2392400,1751429566172833587,2025-07-02T10:16:22
BBL,INE464A01036,2025-07-02,BSE,EQ,A,sell,False,1.0,3039.05,2392200,1751429566172833587,2025-07-02T10:16:22
ITDC,INE353K01014,2025-07-02,NSE,EQ,EQ,buy,False,1.0,603.75,207069710,1100000017225491,2025-07-02T14:41:38
ITDC,INE353K01014,2025-07-02,NSE,EQ,EQ,buy,False,1.0,603.7,207069709,1100000017225491,2025-07-02T14:41:38
ITDC,INE353K01014,2025-07-02,NSE,EQ,EQ,buy,False,4.0,603.65,207069708,1100000017225491,2025-07-02T14:41:38
ITDC,INE353K01014,2025-07-02,NSE,EQ,EQ,buy,False,1.0,603.6,207069707,1100000017225491,2025-07-02T14:41:38
ITDC,INE353K01014,2025-07-02,NSE,EQ,EQ,buy,False,9.0,603.8,207069711,1100000017225491,2025-07-02T14:41:38
CAPITALSFB,INE646H01017,2025-07-03,NSE,EQ,EQ,buy,False,40.0,282.0,442560,1000000003704405,2025-07-03T09:22:56
GOACARBON,INE426D01013,2025-07-03,BSE,EQ,B,buy,False,2.0,483.5,15285100,1751526254056974159,2025-07-03T13:33:26
GOACARBON,INE426D01013,2025-07-03,BSE,EQ,B,buy,False,18.0,483.5,17161900,1751526254056974159,2025-07-03T13:33:26
HERANBA,INE694N01015,2025-07-04,BSE,EQ,B,sell,False,40.0,368.0,10002300,1751614093424322315,2025-07-04T13:13:33
HGINFRA,INE926X01010,2025-07-04,NSE,EQ,EQ,buy,False,1.0,1062.4,206439804,1100000062397281,2025-07-04T14:46:08
HGINFRA,INE926X01010,2025-07-04,NSE,EQ,EQ,buy,False,8.0,1062.5,206439805,1100000062397281,2025-07-04T14:46:08
SHAILY,INE151G01028,2025-07-07,NSE,EQ,EQ,buy,False,3.0,1645.0,600877782,1300000006785579,2025-07-07T09:30:29
AGARIND,INE204E01012,2025-07-07,NSE,EQ,EQ,buy,False,10.0,942.7,2868993,1000000031421918,2025-07-07T11:53:45
FINPIPE,INE183A01024,2025-07-07,NSE,EQ,EQ,buy,False,43.0,207.3,204385007,1100000042546077,2025-07-07T11:54:07
FINPIPE,INE183A01024,2025-07-07,NSE,EQ,EQ,buy,False,3.0,207.3,204385006,1100000042546077,2025-07-07T11:54:07
POLYPLEX,INE633B01018,2025-07-07,NSE,EQ,EQ,buy,False,8.0,1185.4,403184851,1200000040711649,2025-07-07T11:54:30
NAHARINDUS-T,INE289A01011,2025-07-07,BSE,EQ,T,buy,False,73.0,127.0,5583200,1751859000023040054,2025-07-07T12:02:32
ELECTCAST,INE086A01029,2025-07-07,NSE,EQ,EQ,buy,False,10.0,123.79,206114359,1100000060275809,2025-07-07T13:29:36
AWFIS,INE108V01019,2025-07-08,NSE,EQ,EQ,buy,False,15.0,622.0,876257,1000000007395350,2025-07-08T09:35:58
COALINDIA,INE522F01014,2025-07-08,NSE,EQ,EQ,buy,False,26.0,383.0,2779500,1000000026277118,2025-07-08T11:08:28
INOXWIND,INE066P01011,2025-07-08,NSE,EQ,EQ,buy,False,57.0,175.8,207295448,1100000066789627,2025-07-08T14:51:56
SARDAEN,INE385C01021,2025-07-09,NSE,EQ,EQ,buy,False,23.0,426.0,600174337,1300000000443704,2025-07-09T09:15:10
SHAILY,INE151G01028,2025-07-09,NSE,EQ,EQ,buy,False,2.0,1618.4,607624855,1300000063345343,2025-07-09T14:56:31
SAIL,INE114A01011,2025-07-10,NSE,EQ,EQ,sell,False,78.0,135.15,602148668,1300000017657456,2025-07-10T10:10:44
SOLARINDS,INE343H01029,2025-07-10,NSE,EQ,EQ,buy,False,1.0,16050.0,605258482,1300000047926804,2025-07-10T13:15:16
PERSISTENT,INE262H01021,2025-07-11,NSE,EQ,EQ,buy,False,1.0,5580.0,400030150,1200000000244852,2025-07-11T09:15:02
FINPIPE,INE183A01024,2025-07-11,NSE,EQ,EQ,buy,False,48.0,207.29,200517696,1100000003809688,2025-07-11T09:21:17
BAJAJHFL,INE377Y01014,2025-07-11,NSE,EQ,EQ,buy,False,10.0,121.2,1839228,1000000017376979,2025-07-11T10:16:34
SARDAEN,INE385C01021,2025-07-11,NSE,EQ,EQ,sell,False,23.0,458.0,602276659,1300000019400619,2025-07-11T10:18:35
PERSISTENT,INE262H01021,2025-07-11,NSE,EQ,EQ,buy,False,1.0,5580.0,403015554,1200000021044875,2025-07-11T10:20:32
SOLARINDS,INE343H01029,2025-07-11,NSE,EQ,EQ,buy,False,1.0,15500.0,603663386,1300000028279543,2025-07-11T11:03:54
PNCINFRA,INE195J01029,2025-07-11,NSE,EQ,EQ,buy,False,10.0,299.9,403101268,1200000033581501,2025-07-11T11:14:47
IGIL,INE0Q9301021,2025-07-11,NSE,EQ,EQ,sell,False,1.0,385.0,204902891,1100000042175646,2025-07-11T12:04:24
IGIL,INE0Q9301021,2025-07-11,NSE,EQ,EQ,sell,False,4.0,385.0,204881290,1100000042175646,2025-07-11T12:04:24
IGIL,INE0Q9301021,2025-07-11,NSE,EQ,EQ,sell,False,3.0,385.0,204899849,1100000042175646,2025-07-11T12:04:24
IGIL,INE0Q9301021,2025-07-11,NSE,EQ,EQ,sell,False,1.0,385.0,204899855,1100000042175646,2025-07-11T12:04:24
IGIL,INE0Q9301021,2025-07-11,NSE,EQ,EQ,sell,False,11.0,385.0,204902878,1100000042175646,2025-07-11T12:04:24
IGIL,INE0Q9301021,2025-07-11,NSE,EQ,EQ,sell,False,8.0,385.0,204907245,1100000042175646,2025-07-11T12:04:24
PRICOLLTD,INE726V01018,2025-07-14,NSE,EQ,EQ,buy,False,21.0,455.85,400092017,1200000000522026,2025-07-14T09:15:25
DATAPATTNS,INE0IX101010,2025-07-14,NSE,EQ,EQ,buy,False,3.0,2829.3,200157294,1100000000809849,2025-07-14T09:15:35
DEEDEV,INE841L01016,2025-07-14,NSE,EQ,EQ,buy,False,1.0,294.7,200776199,1100000005858583,2025-07-14T09:24:53
DEEDEV,INE841L01016,2025-07-14,NSE,EQ,EQ,buy,False,14.0,294.65,200776197,1100000005858583,2025-07-14T09:24:53
DEEDEV,INE841L01016,2025-07-14,NSE,EQ,EQ,buy,False,2.0,294.65,200776198,1100000005858583,2025-07-14T09:24:53
DEEDEV,INE841L01016,2025-07-14,NSE,EQ,EQ,buy,False,1.0,294.7,200776200,1100000005858583,2025-07-14T09:24:53
DEEDEV,INE841L01016,2025-07-14,NSE,EQ,EQ,buy,False,15.0,294.7,200776201,1100000005858583,2025-07-14T09:24:53
ELECTCAST,INE086A01029,2025-07-14,BSE,EQ,A,buy,False,10.0,121.15,2757400,1752470869624480626,2025-07-14T11:39:57
INOXWIND,INE066P01011,2025-07-15,NSE,EQ,EQ,buy,False,58.0,165.0,207806230,1100000068480571,2025-07-15T14:54:50
ELECTCAST,INE086A01029,2025-07-16,BSE,EQ,A,buy,False,10.0,121.0,581100,1752636600042239340,2025-07-16T09:19:39
INOXWIND,INE066P01011,2025-07-16,NSE,EQ,EQ,buy,False,61.0,164.85,205593570,1100000052304277,2025-07-16T13:23:00
POLYPLEX,INE633B01018,2025-07-16,BSE,EQ,B,buy,False,19.0,1162.35,14549800,1752656581180931906,2025-07-16T15:09:33
POLYPLEX,INE633B01018,2025-07-16,BSE,EQ,B,buy,False,10.0,1162.3,14549600,1752656581180931906,2025-07-16T15:09:33
PNCINFRA,INE195J01029,2025-07-17,BSE,EQ,A,sell,False,10.0,322.75,6744800,1752726110070061694,2025-07-17T09:54:58
TATATECH,INE142M01025,2025-07-17,BSE,EQ,A,sell,False,5.0,730.3,1596700,1752725671070273350,2025-07-17T09:57:35
INOXWIND,INE066P01011,2025-07-17,BSE,EQ,A,sell,False,15.0,168.35,2220300,1752725205192978816,2025-07-17T10:16:46
AWFIS,INE108V01019,2025-07-17,BSE,EQ,B,sell,False,2.0,655.0,30796000,1752727034855586593,2025-07-17T10:18:43
AWFIS,INE108V01019,2025-07-17,BSE,EQ,B,sell,False,1.0,655.0,30800200,1752727034855586593,2025-07-17T10:18:43
AWFIS,INE108V01019,2025-07-17,BSE,EQ,B,sell,False,2.0,655.0,30807700,1752727034855586593,2025-07-17T10:18:43
AWFIS,INE108V01019,2025-07-17,BSE,EQ,B,sell,False,2.0,655.0,30808300,1752727034855586593,2025-07-17T10:18:43
AWFIS,INE108V01019,2025-07-17,BSE,EQ,B,sell,False,2.0,655.0,30808100,1752727034855586593,2025-07-17T10:18:43
AWFIS,INE108V01019,2025-07-17,BSE,EQ,B,sell,False,6.0,655.0,30807900,1752727034855586593,2025-07-17T10:18:43
LXCHEM,INE576O01020,2025-07-17,NSE,EQ,EQ,sell,False,60.0,201.78,402101797,1200000020969966,2025-07-17T10:22:20
GAEL,INE036B01030,2025-07-17,NSE,EQ,EQ,sell,False,3.0,114.09,202593049,1100000021932942,2025-07-17T10:33:42
GAEL,INE036B01030,2025-07-17,NSE,EQ,EQ,sell,False,11.0,114.14,202593047,1100000021932942,2025-07-17T10:33:42
GAEL,INE036B01030,2025-07-17,NSE,EQ,EQ,sell,False,36.0,114.13,202593048,1100000021932942,2025-07-17T10:33:42
POLYPLEX,INE633B01018,2025-07-17,NSE,EQ,EQ,sell,False,1.0,1140.2,402721146,1200000028415001,2025-07-17T11:00:44
POLYPLEX,INE633B01018,2025-07-17,NSE,EQ,EQ,sell,False,4.0,1140.2,402721147,1200000028415001,2025-07-17T11:00:44
VBL,INE200M01039,2025-07-18,NSE,EQ,EQ,sell,False,10.0,485.0,600163608,1300000001071435,2025-07-18T09:16:06
SOLARINDS,INE343H01029,2025-07-18,NSE,EQ,EQ,buy,False,1.0,15000.0,601989523,1300000014292800,2025-07-18T09:56:12
NAHARINDUS-BE,INE289A01011,2025-07-18,NSE,EQ,BE,sell,False,67.0,129.06,402034571,1200000020718758,2025-07-18T10:21:45
NAHARINDUS-BE,INE289A01011,2025-07-18,NSE,EQ,BE,sell,False,6.0,129.1,402034570,1200000020718758,2025-07-18T10:21:45
GAEL,INE036B01030,2025-07-18,NSE,EQ,EQ,buy,False,10.0,111.84,203127093,1100000026164697,2025-07-18T10:46:10
BAJAJHFL,INE377Y01014,2025-07-18,BSE,EQ,A,buy,False,10.0,121.85,3483900,1752814272778615700,2025-07-18T10:47:31
SHAILY,INE151G01028,2025-07-18,NSE,EQ,EQ,buy,False,1.0,1622.7,603185615,1300000026426927,2025-07-18T10:49:30
FINPIPE,INE183A01024,2025-07-21,BSE,EQ,A,sell,False,15.0,208.55,5149100,1753068600112010519,2025-07-21T09:15:19
PRICOLLTD,INE726V01018,2025-07-21,NSE,EQ,EQ,buy,False,22.0,445.0,402642032,1200000028697293,2025-07-21T10:50:34
MGL,INE002S01010,2025-07-21,NSE,EQ,EQ,buy,False,1.0,1507.1,403877600,1200000045695842,2025-07-21T12:18:03
MGL,INE002S01010,2025-07-21,NSE,EQ,EQ,buy,False,1.0,1507.0,403877596,1200000045695842,2025-07-21T12:18:03
MGL,INE002S01010,2025-07-21,NSE,EQ,EQ,buy,False,1.0,1507.0,403877597,1200000045695842,2025-07-21T12:18:03
MGL,INE002S01010,2025-07-21,NSE,EQ,EQ,buy,False,1.0,1507.2,403877601,1200000045695842,2025-07-21T12:18:03
MGL,INE002S01010,2025-07-21,NSE,EQ,EQ,buy,False,1.0,1507.0,403877598,1200000045695842,2025-07-21T12:18:03
MGL,INE002S01010,2025-07-21,NSE,EQ,EQ,buy,False,1.0,1507.0,403877599,1200000045695842,2025-07-21T12:18:03
CENTRALBK,INE483A01010,2025-07-21,NSE,EQ,EQ,buy,False,261.0,38.1,4545241,1000000050386719,2025-07-21T13:50:00
ZAGGLE,INE07K301024,2025-07-21,NSE,EQ,EQ,buy,False,24.0,405.0,606378100,1300000055366220,2025-07-21T13:59:46
SHAILY,INE151G01028,2025-07-22,BSE,EQ,A,sell,False,3.0,1665.35,139600,1753155000092017470,2025-07-22T09:17:08
VBL,INE200M01039,2025-07-22,NSE,EQ,EQ,sell,False,31.0,485.1,601964626,1300000015677045,2025-07-22T10:06:21
HGINFRA,INE926X01010,2025-07-22,BSE,EQ,A,sell,False,7.0,1091.35,1785500,1753158052062309956,2025-07-22T10:09:23
HGINFRA,INE926X01010,2025-07-22,BSE,EQ,A,sell,False,2.0,1091.4,1785200,1753158052062309956,2025-07-22T10:09:23
ITC,INE154A01025,2025-07-22,BSE,EQ,A,sell,False,10.0,416.0,8003900,1753172153482394305,2025-07-22T14:06:26
BAJAJHFL,INE377Y01014,2025-07-22,BSE,EQ,A,buy,False,10.0,121.6,9189000,1753175744094445825,2025-07-22T15:02:24
INFY,INE009A01021,2025-07-23,BSE,EQ,A,buy,False,2.0,1580.0,75700,1753241400005003457,2025-07-23T09:15:00
FINPIPE,INE183A01024,2025-07-23,NSE,EQ,EQ,buy,False,10.0,203.5,200475178,1100000000701196,2025-07-23T09:15:33
LODHA,INE670K01029,2025-07-23,BSE,EQ,A,buy,False,1.0,1357.1,1980600,1753241400004722822,2025-07-23T09:27:49
NCC,INE868B01028,2025-07-23,BSE,EQ,A,sell,False,20.0,225.0,2052500,1753243647716117190,2025-07-23T09:40:22
CAPITALSFB,INE646H01017,2025-07-23,BSE,EQ,B,sell,False,40.0,316.0,2275100,1753241400000691559,2025-07-23T10:13:48
PRICOLLTD,INE726V01018,2025-07-23,NSE,EQ,EQ,buy,False,23.0,430.55,403462624,1200000036914308,2025-07-23T11:31:20
GAEL,INE036B01030,2025-07-23,NSE,EQ,EQ,buy,False,30.0,111.5,204122101,1100000035020843,2025-07-23T11:54:14
AGARIND,INE204E01012,2025-07-23,NSE,EQ,EQ,sell,False,4.0,964.1,5226495,1000000055895387,2025-07-23T14:32:55
AGARIND,INE204E01012,2025-07-23,NSE,EQ,EQ,sell,False,4.0,964.15,5226493,1000000055895387,2025-07-23T14:32:55
AGARIND,INE204E01012,2025-07-23,NSE,EQ,EQ,sell,False,2.0,964.1,5226494,1000000055895387,2025-07-23T14:32:55
PERSISTENT,INE262H01021,2025-07-24,NSE,EQ,EQ,buy,False,3.0,5240.0,400861318,1200000000378873,2025-07-24T09:15:12
SHAILY,INE151G01028,2025-07-24,NSE,EQ,EQ,buy,False,1.0,1635.9,602876204,1300000025311200,2025-07-24T10:51:40
PNCINFRA,INE195J01029,2025-07-24,NSE,EQ,EQ,sell,False,10.0,312.1,402856209,1200000029690927,2025-07-24T10:58:13
AGARIND,INE204E01012,2025-07-24,NSE,EQ,EQ,sell,False,10.0,960.0,3971192,1000000044895052,2025-07-24T13:14:09
ELECTCAST,INE086A01029,2025-07-24,NSE,EQ,EQ,buy,False,20.0,117.41,205730602,1100000050735805,2025-07-24T13:15:47
AWFIS,INE108V01019,2025-07-24,NSE,EQ,EQ,buy,False,15.0,613.0,5264918,1000000058453687,2025-07-24T14:39:24
GOACARBON,INE426D01013,2025-07-24,NSE,EQ,EQ,sell,False,10.0,485.0,208827927,1100000072962847,2025-07-24T15:22:23
SHAILY,INE151G01028,2025-07-25,BSE,EQ,A,buy,False,1.0,1627.95,991400,1753414200158282872,2025-07-25T09:27:53
LUXIND,INE150G01020,2025-07-25,NSE,EQ,EQ,buy,False,2.0,1427.5,400747962,1200000000316237,2025-07-25T09:30:07
LUXIND,INE150G01020,2025-07-25,NSE,EQ,EQ,buy,False,2.0,1427.4,400747961,1200000000316237,2025-07-25T09:30:07
LUXIND,INE150G01020,2025-07-25,NSE,EQ,EQ,buy,False,2.0,1427.4,400747960,1200000000316237,2025-07-25T09:30:07
COALINDIA,INE522F01014,2025-07-25,NSE,EQ,EQ,sell,False,13.0,384.0,1050965,1000000008139047,2025-07-25T09:35:13
COALINDIA,INE522F01014,2025-07-25,NSE,EQ,EQ,sell,False,1.0,384.0,1050966,1000000008139047,2025-07-25T09:35:13
COALINDIA,INE522F01014,2025-07-25,NSE,EQ,EQ,sell,False,1.0,384.0,1050969,1000000008139047,2025-07-25T09:35:13
ONGC,INE213A01029,2025-07-25,NSE,EQ,EQ,buy,False,40.0,243.0,401439813,1200000011982340,2025-07-25T09:46:55
ITC,INE154A01025,2025-07-25,BSE,EQ,A,buy,False,10.0,408.6,2347700,1753417261259448678,2025-07-25T10:19:06
GAEL,INE036B01030,2025-07-25,NSE,EQ,EQ,buy,False,10.0,109.23,202539613,1100000020274989,2025-07-25T10:20:23
LODHA,INE670K01029,2025-07-25,BSE,EQ,A,buy,False,1.0,1311.4,2871600,1753417069751704557,2025-07-25T10:21:07
LODHA,INE670K01029,2025-07-25,NSE,EQ,EQ,buy,False,2.0,1293.1,402842948,1200000029621703,2025-07-25T11:01:04
FIVESTAR,INE128S01021,2025-07-25,NSE,EQ,EQ,buy,False,13.0,695.0,204314349,1100000035787335,2025-07-25T11:39:26
CENTRALBK,INE483A01010,2025-07-25,NSE,EQ,EQ,buy,False,262.0,37.0,3607864,1000000035017186,2025-07-25T11:54:01
ZAGGLE,INE07K301024,2025-07-25,NSE,EQ,EQ,buy,False,24.0,386.0,604172552,1300000038746005,2025-07-25T12:14:44
ITDC,INE353K01014,2025-07-25,NSE,EQ,EQ,buy,False,1.0,589.9,206460173,1100000055704283,2025-07-25T13:40:56
ITDC,INE353K01014,2025-07-25,NSE,EQ,EQ,buy,False,8.0,589.8,206460172,1100000055704283,2025-07-25T13:40:56
ITDC,INE353K01014,2025-07-25,NSE,EQ,EQ,buy,False,4.0,589.9,206460174,1100000055704283,2025-07-25T13:40:56
ITDC,INE353K01014,2025-07-25,NSE,EQ,EQ,buy,False,3.0,590.0,206460175,1100000055704283,2025-07-25T13:40:56
M&MFIN,INE774D01024,2025-07-25,NSE,EQ,EQ,buy,False,38.0,253.0,407378031,1200000080081421,2025-07-25T15:22:39
GOACARBON,INE426D01013,2025-07-28,BSE,EQ,B,buy,False,18.0,470.0,7133200,1753673400224056031,2025-07-28T09:15:00
GOACARBON,INE426D01013,2025-07-28,BSE,EQ,B,buy,False,3.0,470.0,7133000,1753673400224056031,2025-07-28T09:15:00
SAIL,INE114A01011,2025-07-28,NSE,EQ,EQ,buy,False,24.0,128.49,600048886,1300000000274282,2025-07-28T09:15:00
PRICOLLTD,INE726V01018,2025-07-28,BSE,EQ,A,sell,False,10.0,438.2,75500,1753673400268014161,2025-07-28T09:15:10
ZAGGLE,INE07K301024,2025-07-28,NSE,EQ,EQ,buy,False,26.0,375.0,600276289,1300000001186841,2025-07-28T09:16:22
LODHA,INE670K01029,2025-07-28,NSE,EQ,EQ,buy,False,9.0,1249.4,400279674,1200000001860097,2025-07-28T09:17:42
FINPIPE,INE183A01024,2025-07-28,NSE,EQ,EQ,sell,False,24.0,206.2,200356626,1100000002267132,2025-07-28T09:18:24
FINPIPE,INE183A01024,2025-07-28,NSE,EQ,EQ,sell,False,26.0,206.04,200356628,1100000002267132,2025-07-28T09:18:24
FINPIPE,INE183A01024,2025-07-28,NSE,EQ,EQ,sell,False,38.0,206.03,200356629,1100000002267132,2025-07-28T09:18:24
FINPIPE,INE183A01024,2025-07-28,NSE,EQ,EQ,sell,False,1.0,206.04,200356627,1100000002267132,2025-07-28T09:18:24
ITDC,INE353K01014,2025-07-28,NSE,EQ,EQ,sell,False,5.0,584.95,200477903,1100000003182890,2025-07-28T09:20:14
GOACARBON,INE426D01013,2025-07-28,NSE,EQ,EQ,sell,False,10.0,475.3,200508678,1100000003432141,2025-07-28T09:20:43
DEEDEV,INE841L01016,2025-07-28,BSE,EQ,B,sell,False,33.0,294.0,1064700,1753673400268014620,2025-07-28T09:21:53
M&MFIN,INE774D01024,2025-07-28,NSE,EQ,EQ,buy,False,39.0,248.0,403692119,1200000035529065,2025-07-28T11:13:16
NCC,INE868B01028,2025-07-28,NSE,EQ,EQ,buy,False,10.0,221.08,403986449,1200000040072024,2025-07-28T11:36:48
AZAD,INE02IJ01035,2025-07-28,NSE,EQ,EQ,buy,False,1.0,1504.9,4122197,1000000044004128,2025-07-28T12:47:12
AZAD,INE02IJ01035,2025-07-28,NSE,EQ,EQ,buy,False,5.0,1505.0,4122198,1000000044004128,2025-07-28T12:47:12
ONGC,INE213A01029,2025-07-28,NSE,EQ,EQ,buy,False,41.0,239.43,405386503,1200000056841683,2025-07-28T13:01:24
BBL,INE464A01036,2025-07-28,NSE,EQ,EQ,buy,False,3.0,2854.7,4736661,1000000050631047,2025-07-28T13:23:00
PNCINFRA,INE195J01029,2025-07-28,NSE,EQ,EQ,buy,False,1.0,298.85,405863238,1200000063156991,2025-07-28T13:32:54
PNCINFRA,INE195J01029,2025-07-28,NSE,EQ,EQ,buy,False,2.0,298.85,405863239,1200000063156991,2025-07-28T13:32:54
PNCINFRA,INE195J01029,2025-07-28,NSE,EQ,EQ,buy,False,7.0,298.95,405863240,1200000063156991,2025-07-28T13:32:54
SHAILY,INE151G01028,2025-07-28,NSE,EQ,EQ,buy,False,1.0,1558.9,606392595,1300000062363097,2025-07-28T13:36:56
LUXIND,INE150G01020,2025-07-28,NSE,EQ,EQ,buy,False,1.0,1390.0,406100604,1200000065697085,2025-07-28T13:45:10
LUXIND,INE150G01020,2025-07-28,NSE,EQ,EQ,buy,False,1.0,1390.0,406112282,1200000065697085,2025-07-28T13:45:10
LUXIND,INE150G01020,2025-07-28,NSE,EQ,EQ,buy,False,5.0,1390.0,406100965,1200000065697085,2025-07-28T13:45:10
ITC,INE154A01025,2025-07-28,NSE,EQ,EQ,sell,False,10.0,409.55,206376447,1100000062039746,2025-07-28T14:01:29
ITC,INE154A01025,2025-07-28,NSE,EQ,EQ,sell,False,36.0,409.5,206376448,1100000062039746,2025-07-28T14:01:29
PFC,INE134E01011,2025-07-28,NSE,EQ,EQ,buy,False,24.0,405.0,406576773,1200000069628220,2025-07-28T14:04:02
NCC,INE868B01028,2025-07-28,NSE,EQ,EQ,buy,False,47.0,215.75,407666217,1200000081228433,2025-07-28T15:01:21
JINDALSAW,INE324A01032,2025-07-28,NSE,EQ,EQ,buy,False,22.0,215.29,208567729,1100000077693780,2025-07-28T15:20:36
JINDALSAW,INE324A01032,2025-07-28,NSE,EQ,EQ,buy,False,23.0,215.29,208567730,1100000077693780,2025-07-28T15:20:36
SHAILY,INE151G01028,2025-07-29,BSE,EQ,A,buy,False,2.0,1575.0,32200,1753759800055018126,2025-07-29T09:15:03
PPLPHARMA,INE0DK501011,2025-07-29,NSE,EQ,EQ,buy,False,48.0,195.0,400467711,1200000004234228,2025-07-29T09:21:22
SAIL,INE114A01011,2025-07-29,BSE,EQ,A,sell,False,14.0,125.75,944100,1753759800054434356,2025-07-29T09:25:48
SAIL,INE114A01011,2025-07-29,BSE,EQ,A,sell,False,10.0,125.8,943900,1753759800054434356,2025-07-29T09:25:48
PNCINFRA,INE195J01029,2025-07-29,NSE,EQ,EQ,sell,False,19.0,308.95,400679619,1200000006219224,2025-07-29T09:26:09
PNCINFRA,INE195J01029,2025-07-29,NSE,EQ,EQ,sell,False,1.0,308.8,400679620,1200000006219224,2025-07-29T09:26:09
M&MFIN,INE774D01024,2025-07-29,NSE,EQ,EQ,sell,False,30.0,248.15,400709032,1200000006498857,2025-07-29T09:26:53
GOACARBON,INE426D01013,2025-07-29,BSE,EQ,B,buy,False,5.0,470.0,3437600,1753759800001562573,2025-07-29T09:45:28
GOACARBON,INE426D01013,2025-07-29,BSE,EQ,B,buy,False,8.0,470.0,3437200,1753759800001562573,2025-07-29T09:45:28
GOACARBON,INE426D01013,2025-07-29,BSE,EQ,B,buy,False,8.0,470.0,3437400,1753759800001562573,2025-07-29T09:45:28
ELECTCAST,INE086A01029,2025-07-29,BSE,EQ,A,buy,False,20.0,112.2,2616200,1753762015955965225,2025-07-29T10:12:31
AWFIS,INE108V01019,2025-07-29,NSE,EQ,EQ,buy,False,15.0,593.65,1721909,1000000019131498,2025-07-29T10:27:43
AWFIS,INE108V01019,2025-07-29,NSE,EQ,EQ,buy,False,1.0,593.6,1721908,1000000019131498,2025-07-29T10:27:43
LXCHEM,INE576O01020,2025-07-29,NSE,EQ,EQ,buy,False,19.0,189.8,402577820,1200000028212192,2025-07-29T10:42:15
LXCHEM,INE576O01020,2025-07-29,NSE,EQ,EQ,buy,False,33.0,189.8,402577819,1200000028212192,2025-07-29T10:42:15
STERTOOLS,INE334A01023,2025-07-29,NSE,EQ,EQ,buy,False,14.0,345.0,602955757,1300000026016142,2025-07-29T10:46:05
STERTOOLS,INE334A01023,2025-07-29,NSE,EQ,EQ,buy,False,7.0,345.0,602955758,1300000026016142,2025-07-29T10:46:05
STERTOOLS,INE334A01023,2025-07-29,NSE,EQ,EQ,buy,False,5.0,345.0,602955756,1300000026016142,2025-07-29T10:46:05
FINPIPE,INE183A01024,2025-07-29,NSE,EQ,EQ,buy,False,8.0,209.09,203605610,1100000033653424,2025-07-29T11:19:07
FINPIPE,INE183A01024,2025-07-29,NSE,EQ,EQ,buy,False,1.0,209.08,203605604,1100000033653424,2025-07-29T11:19:07
FINPIPE,INE183A01024,2025-07-29,NSE,EQ,EQ,buy,False,1.0,209.08,203605608,1100000033653424,2025-07-29T11:19:07
FINPIPE,INE183A01024,2025-07-29,NSE,EQ,EQ,buy,False,13.0,209.08,203605603,1100000033653424,2025-07-29T11:19:07
FINPIPE,INE183A01024,2025-07-29,NSE,EQ,EQ,buy,False,2.0,209.08,203605607,1100000033653424,2025-07-29T11:19:07
FINPIPE,INE183A01024,2025-07-29,NSE,EQ,EQ,buy,False,2.0,209.09,203605611,1100000033653424,2025-07-29T11:19:07
FINPIPE,INE183A01024,2025-07-29,NSE,EQ,EQ,buy,False,3.0,209.08,203605602,1100000033653424,2025-07-29T11:19:07
FINPIPE,INE183A01024,2025-07-29,NSE,EQ,EQ,buy,False,4.0,209.09,203605609,1100000033653424,2025-07-29T11:19:07
FINPIPE,INE183A01024,2025-07-29,NSE,EQ,EQ,buy,False,6.0,209.08,203605605,1100000033653424,2025-07-29T11:19:07
FINPIPE,INE183A01024,2025-07-29,NSE,EQ,EQ,buy,False,8.0,209.08,203605606,1100000033653424,2025-07-29T11:19:07
NCC,INE868B01028,2025-07-29,BSE,EQ,A,sell,False,20.0,222.8,5678300,1753776399822720216,2025-07-29T14:17:24
BAJAJHFL,INE377Y01014,2025-07-30,NSE,EQ,EQ,buy,False,30.0,116.54,70229,1000000000480133,2025-07-30T09:15:30
PNCINFRA,INE195J01029,2025-07-30,NSE,EQ,EQ,sell,False,50.0,316.75,400146816,1200000000994821,2025-07-30T09:16:16
PPLPHARMA,INE0DK501011,2025-07-30,BSE,EQ,A,sell,False,48.0,205.4,189100,1753846200027061632,2025-07-30T09:16:37
GOACARBON,INE426D01013,2025-07-30,BSE,EQ,B,sell,False,10.0,472.3,1098800,1753846200026054236,2025-07-30T09:20:54
LXCHEM,INE576O01020,2025-07-30,NSE,EQ,EQ,sell,False,52.0,201.0,401203291,1200000004925434,2025-07-30T09:25:32
ZAGGLE,INE07K301024,2025-07-30,BSE,EQ,A,sell,False,15.0,390.0,990400,1753846200027621996,2025-07-30T09:47:24
SHAILY,INE151G01028,2025-07-30,NSE,EQ,EQ,sell,False,4.0,1640.0,601665518,1300000012751606,2025-07-30T09:54:32
GAEL,INE036B01030,2025-07-30,NSE,EQ,EQ,sell,False,30.0,110.2,202805777,1100000024404465,2025-07-30T10:43:23
JSWENERGY,INE121E01018,2025-07-30,NSE,EQ,EQ,buy,False,19.0,527.65,203230995,1100000028953567,2025-07-30T11:07:51
BBL,INE464A01036,2025-07-30,NSE,EQ,EQ,buy,False,1.0,2949.9,2325552,1000000024666721,2025-07-30T11:10:57
BBL,INE464A01036,2025-07-30,NSE,EQ,EQ,buy,False,2.0,2950.0,2325553,1000000024666721,2025-07-30T11:10:57
AWFIS,INE108V01019,2025-07-30,NSE,EQ,EQ,buy,False,16.0,599.0,3709175,1000000041867597,2025-07-30T13:09:35
CMSINFO,INE925R01014,2025-07-30,NSE,EQ,EQ,buy,False,20.0,465.0,4244843,1000000045425377,2025-07-30T13:34:47
DATAPATTNS,INE0IX101010,2025-07-30,BSE,EQ,A,buy,False,1.0,2601.7,3589200,1753867675570243257,2025-07-30T15:12:34
AZAD,INE02IJ01035,2025-07-31,BSE,EQ,A,sell,False,1.0,1480.0,28300,1753932600149005120,2025-07-31T09:15:01
AZAD,INE02IJ01035,2025-07-31,BSE,EQ,A,sell,False,2.0,1480.0,28500,1753932600149005120,2025-07-31T09:15:01
AZAD,INE02IJ01035,2025-07-31,BSE,EQ,A,sell,False,3.0,1480.0,28100,1753932600149005120,2025-07-31T09:15:01
ITDC,INE353K01014,2025-07-31,BSE,EQ,B,sell,False,5.0,590.0,1310400,1753932600029082030,2025-07-31T09:15:03
ITDC,INE353K01014,2025-07-31,BSE,EQ,B,sell,False,1.0,590.0,1310600,1753932600029082030,2025-07-31T09:15:03
ITDC,INE353K01014,2025-07-31,BSE,EQ,B,sell,False,4.0,590.0,1310800,1753932600029082030,2025-07-31T09:15:03
NCC,INE868B01028,2025-07-31,BSE,EQ,A,sell,False,20.0,219.0,119000,1753932600149010442,2025-07-31T09:15:09
NCC,INE868B01028,2025-07-31,NSE,EQ,EQ,sell,False,20.0,219.35,400069271,1200000000381062,2025-07-31T09:15:12
LXCHEM,INE576O01020,2025-07-31,NSE,EQ,EQ,buy,False,22.0,195.0,400135616,1200000000653979,2025-07-31T09:15:37
LXCHEM,INE576O01020,2025-07-31,NSE,EQ,EQ,buy,False,28.0,195.0,400139245,1200000000653979,2025-07-31T09:15:37
CENTRALBK,INE483A01010,2025-07-31,NSE,EQ,EQ,buy,False,271.0,36.0,197789,1000000001014539,2025-07-31T09:16:33
GOACARBON,INE426D01013,2025-07-31,NSE,EQ,EQ,sell,False,10.0,477.05,200472620,1100000002565032,2025-07-31T09:18:30
AWFIS,INE108V01019,2025-07-31,NSE,EQ,EQ,sell,False,1.0,598.0,339753,1000000001972283,2025-07-31T09:18:52
AWFIS,INE108V01019,2025-07-31,NSE,EQ,EQ,sell,False,9.0,597.8,339754,1000000001972283,2025-07-31T09:18:52
INDUSTOWER,INE121J01017,2025-07-31,NSE,EQ,EQ,buy,False,25.0,364.45,200584596,1100000003283925,2025-07-31T09:19:56
FIVESTAR,INE128S01021,2025-07-31,BSE,EQ,A,buy,False,1.0,619.2,1830600,1753932600145451654,2025-07-31T09:25:18
FIVESTAR,INE128S01021,2025-07-31,BSE,EQ,A,buy,False,3.0,619.1,1830200,1753932600145451654,2025-07-31T09:25:18
FIVESTAR,INE128S01021,2025-07-31,BSE,EQ,A,buy,False,3.0,619.15,1830400,1753932600145451654,2025-07-31T09:25:18
FIVESTAR,INE128S01021,2025-07-31,BSE,EQ,A,buy,False,3.0,619.4,1830800,1753932600145451654,2025-07-31T09:25:18
WIPRO,INE075A01022,2025-07-31,NSE,EQ,EQ,buy,False,40.0,247.0,602032982,1300000011658266,2025-07-31T09:47:59
GOACARBON,INE426D01013,2025-07-31,NSE,EQ,EQ,sell,False,1.0,503.7,204050589,1100000032721911,2025-07-31T11:06:36
GOACARBON,INE426D01013,2025-07-31,NSE,EQ,EQ,sell,False,3.0,503.5,204050590,1100000032721911,2025-07-31T11:06:36
GOACARBON,INE426D01013,2025-07-31,NSE,EQ,EQ,sell,False,3.0,503.5,204050591,1100000032721911,2025-07-31T11:06:36
GOACARBON,INE426D01013,2025-07-31,NSE,EQ,EQ,sell,False,35.0,503.45,204050592,1100000032721911,2025-07-31T11:06:36
LODHA,INE670K01029,2025-07-31,BSE,EQ,A,buy,False,2.0,1250.1,6581200,1753946488371143303,2025-07-31T12:58:58
NAHARINDUS-T,INE289A01011,2025-07-31,BSE,EQ,T,buy,False,76.0,123.0,6057900,1753932600001130041,2025-07-31T13:11:33
INFY,INE009A01021,2025-07-31,BSE,EQ,A,buy,False,2.0,1524.9,7374500,1753950776881096376,2025-07-31T14:06:59
GOACARBON,INE426D01013,2025-07-31,BSE,EQ,B,buy,False,20.0,493.0,13955700,1753954842204001119,2025-07-31T15:10:50
PPLPHARMA,INE0DK501011,2025-08-01,NSE,EQ,EQ,buy,False,49.0,195.0,400500145,1200000003226573,2025-08-01T09:21:15
INOXWIND,INE066P01011,2025-08-01,BSE,EQ,A,buy,False,10.0,155.0,613300,1754019000011219630,2025-08-01T09:21:50
INOXWIND,INE066P01011,2025-08-01,BSE,EQ,A,buy,False,10.0,154.95,613100,1754019000011219630,2025-08-01T09:21:50
DEEDEV,INE841L01016,2025-08-01,NSE,EQ,EQ,buy,False,35.0,284.2,200747373,1100000004761201,2025-08-01T09:23:41
PRICOLLTD,INE726V01018,2025-08-01,NSE,EQ,EQ,sell,False,56.0,470.6,400777873,1200000006749074,2025-08-01T09:30:48
LXCHEM,INE576O01020,2025-08-01,BSE,EQ,A,sell,False,29.0,206.05,2774900,1754019000011897081,2025-08-01T09:31:07
LXCHEM,INE576O01020,2025-08-01,BSE,EQ,A,sell,False,20.0,206.0,2775100,1754019000011897081,2025-08-01T09:31:07
LXCHEM,INE576O01020,2025-08-01,BSE,EQ,A,sell,False,1.0,206.1,2774700,1754019000011897081,2025-08-01T09:31:07
GOACARBON,INE426D01013,2025-08-01,NSE,EQ,EQ,sell,False,20.0,487.95,201024887,1100000008091967,2025-08-01T09:32:29
M&MFIN,INE774D01024,2025-08-01,NSE,EQ,EQ,sell,False,47.0,260.7,400971676,1200000008809229,2025-08-01T09:36:26
SHAILY,INE151G01028,2025-08-01,NSE,EQ,EQ,buy,False,1.0,1597.2,601289605,1300000010006632,2025-08-01T09:40:41
GAEL,INE036B01030,2025-08-01,NSE,EQ,EQ,buy,False,10.0,110.2,201545078,1100000012921779,2025-08-01T09:48:01
CMSINFO,INE925R01014,2025-08-01,NSE,EQ,EQ,buy,False,21.0,455.0,1156970,1000000010642902,2025-08-01T09:48:06
COALINDIA,INE522F01014,2025-08-01,BSE,EQ,A,buy,False,10.0,378.5,2502200,1754020982397875000,2025-08-01T09:49:13
GOACARBON,INE426D01013,2025-08-01,BSE,EQ,B,buy,False,15.0,485.0,3265000,1754021324096897660,2025-08-01T10:14:04
GOACARBON,INE426D01013,2025-08-01,BSE,EQ,B,buy,False,5.0,485.0,3234000,1754021324096897660,2025-08-01T10:14:04
BMW,INE374E01021,2025-08-01,BSE,EQ,B,buy,False,181.0,48.0,3473800,1754019000000116764,2025-08-01T10:25:55
ZAGGLE,INE07K301024,2025-08-01,NSE,EQ,EQ,sell,False,7.0,379.5,603164916,1300000027736034,2025-08-01T11:01:26
ZAGGLE,INE07K301024,2025-08-01,NSE,EQ,EQ,sell,False,3.0,379.55,603164915,1300000027736034,2025-08-01T11:01:26
TORNTPOWER,INE813H01021,2025-08-01,NSE,EQ,EQ,buy,False,7.0,1306.0,603446674,1300000030548150,2025-08-01T11:16:25
NAHARINDUS-T,INE289A01011,2025-08-01,BSE,EQ,T,buy,False,80.0,123.0,6002900,1754019000001078052,2025-08-01T12:00:28
GOACARBON,INE426D01013,2025-08-01,BSE,EQ,B,sell,False,7.0,483.1,6611600,1754030861075654296,2025-08-01T13:12:51
GOACARBON,INE426D01013,2025-08-01,BSE,EQ,B,sell,False,12.0,483.25,6611200,1754030861075654296,2025-08-01T13:12:51
GOACARBON,INE426D01013,2025-08-01,BSE,EQ,B,sell,False,1.0,483.2,6611400,1754030861075654296,2025-08-01T13:12:51
NCC,INE868B01028,2025-08-01,NSE,EQ,EQ,buy,False,46.0,215.75,406444788,1200000069041438,2025-08-01T14:31:26
JSWENERGY,INE121E01018,2025-08-01,NSE,EQ,EQ,buy,False,19.0,509.65,207962284,1100000070565658,2025-08-01T15:02:11
MGL,INE002S01010,2025-08-04,BSE,EQ,A,buy,False,2.0,1344.45,77300,1754278200047009174,2025-08-04T09:15:02
LXCHEM,INE576O01020,2025-08-04,NSE,EQ,EQ,buy,False,51.0,195.0,400043025,1200000000249170,2025-08-04T09:15:03
AZAD,INE02IJ01035,2025-08-04,NSE,EQ,EQ,buy,False,6.0,1458.1,48116,1000000000232140,2025-08-04T09:15:04
INDUSTOWER,INE121J01017,2025-08-04,NSE,EQ,EQ,buy,False,27.0,345.7,200073359,1100000000370138,2025-08-04T09:15:06
SHAILY,INE151G01028,2025-08-04,NSE,EQ,EQ,sell,False,5.0,1653.7,600179816,1300000000912553,2025-08-04T09:15:51
ITDC,INE353K01014,2025-08-04,NSE,EQ,EQ,buy,False,17.0,575.0,200323438,1100000001068441,2025-08-04T09:16:04
BMW,INE374E01021,2025-08-04,BSE,EQ,B,sell,False,181.0,47.63,331800,1754278200001042246,2025-08-04T09:16:32
BBL,INE464A01036,2025-08-04,NSE,EQ,EQ,sell,False,2.0,2909.9,204930,1000000001409650,2025-08-04T09:17:17
JSWENERGY,INE121E01018,2025-08-04,NSE,EQ,EQ,sell,False,38.0,522.85,200456530,1100000002974224,2025-08-04T09:19:08
PPLPHARMA,INE0DK501011,2025-08-04,NSE,EQ,EQ,buy,False,52.0,189.95,400473810,1200000002880367,2025-08-04T09:19:43
SHAILY,INE151G01028,2025-08-04,NSE,EQ,EQ,sell,False,12.0,1642.0,600664787,1300000004283199,2025-08-04T09:22:17
ELECTCAST,INE086A01029,2025-08-04,BSE,EQ,A,buy,False,20.0,109.0,945600,1754278200006471025,2025-08-04T09:31:32
NCC,INE868B01028,2025-08-04,BSE,EQ,A,sell,False,30.0,217.05,1352400,1754278200006706152,2025-08-04T09:32:39
TORNTPOWER,INE813H01021,2025-08-04,NSE,EQ,EQ,buy,False,7.0,1280.0,602939011,1300000012346410,2025-08-04T09:45:13
TCS,INE467B01029,2025-08-04,NSE,EQ,EQ,buy,False,3.0,3015.7,602925045,1300000025153338,2025-08-04T10:39:51
CMSINFO,INE925R01014,2025-08-04,NSE,EQ,EQ,sell,False,10.0,449.2,3214980,1000000037145542,2025-08-04T12:16:51
CENTRALBK,INE483A01010,2025-08-04,BSE,EQ,A,sell,False,150.0,35.91,5187300,1754288106355520406,2025-08-04T12:18:34
ONGC,INE213A01029,2025-08-04,BSE,EQ,A,sell,False,15.0,234.7,3602300,1754287969156884013,2025-08-04T12:20:12
STERTOOLS,INE334A01023,2025-08-04,NSE,EQ,EQ,buy,False,29.0,331.0,606470299,1300000059376246,2025-08-04T14:09:59
DATAPATTNS,INE0IX101010,2025-08-04,NSE,EQ,EQ,sell,False,1.0,2705.0,207645569,1100000066251010,2025-08-04T14:38:54
FINPIPE,INE183A01024,2025-08-04,NSE,EQ,EQ,buy,False,4.0,198.35,208623597,1100000072130861,2025-08-04T15:12:00
FINPIPE,INE183A01024,2025-08-04,NSE,EQ,EQ,buy,False,3.0,198.35,208623595,1100000072130861,2025-08-04T15:12:00
FINPIPE,INE183A01024,2025-08-04,NSE,EQ,EQ,buy,False,27.0,198.35,208623598,1100000072130861,2025-08-04T15:12:00
FINPIPE,INE183A01024,2025-08-04,NSE,EQ,EQ,buy,False,15.0,198.35,208623596,1100000072130861,2025-08-04T15:12:00
FINPIPE,INE183A01024,2025-08-05,NSE,EQ,EQ,buy,False,51.0,198.45,200436508,1100000002022606,2025-08-05T09:17:53
AZAD,INE02IJ01035,2025-08-05,BSE,EQ,A,sell,False,1.0,1592.6,848900,1754364600024401217,2025-08-05T09:25:31
AZAD,INE02IJ01035,2025-08-05,BSE,EQ,A,sell,False,3.0,1592.2,849300,1754364600024401217,2025-08-05T09:25:31
AZAD,INE02IJ01035,2025-08-05,BSE,EQ,A,sell,False,2.0,1592.25,849100,1754364600024401217,2025-08-05T09:25:31
ZAGGLE,INE07K301024,2025-08-05,NSE,EQ,EQ,sell,False,10.0,379.4,600896144,1300000007068804,2025-08-05T09:32:29
AWFIS,INE108V01019,2025-08-05,BSE,EQ,B,sell,False,10.0,591.05,2968700,1754366303812213318,2025-08-05T09:34:14
ITC,INE154A01025,2025-08-05,BSE,EQ,A,buy,False,24.0,415.3,1966600,1754366361961231256,2025-08-05T09:36:23
PFC,INE134E01011,2025-08-05,BSE,EQ,A,sell,False,24.0,413.0,883600,1754364600024622707,2025-08-05T09:41:48
ITDC,INE353K01014,2025-08-05,NSE,EQ,EQ,buy,False,18.0,570.0,204368130,1100000026863733,2025-08-05T10:56:01
POLYPLEX,INE633B01018,2025-08-05,BSE,EQ,B,sell,False,20.0,1171.0,3737700,1754368466572718239,2025-08-05T10:59:38
NCC,INE868B01028,2025-08-05,NSE,EQ,EQ,buy,False,1.0,213.68,402844063,1200000032215816,2025-08-05T11:15:17
NCC,INE868B01028,2025-08-05,NSE,EQ,EQ,buy,False,46.0,213.68,402844064,1200000032215816,2025-08-05T11:15:17
NAHARINDUS-T,INE289A01011,2025-08-05,BSE,EQ,T,buy,False,85.0,118.9,4312300,1754364600000047033,2025-08-05T13:29:28
ITC,INE154A01025,2025-08-06,NSE,EQ,EQ,sell,False,24.0,414.1,200082557,1100000000530228,2025-08-06T09:15:23
AGARIND,INE204E01012,2025-08-06,NSE,EQ,EQ,buy,False,31.0,950.4,88101,1000000000483156,2025-08-06T09:15:24
MGL,INE002S01010,2025-08-06,NSE,EQ,EQ,buy,False,1.0,1304.4,400116398,1200000000748843,2025-08-06T09:15:54
MGL,INE002S01010,2025-08-06,BSE,EQ,A,buy,False,2.0,1302.7,919600,1754451000057062846,2025-08-06T09:15:59
PPLPHARMA,INE0DK501011,2025-08-06,BSE,EQ,A,sell,False,50.0,192.05,133500,1754451000006061389,2025-08-06T09:16:45
AGARIND,INE204E01012,2025-08-06,NSE,EQ,EQ,sell,False,3.0,945.65,197649,1000000001314043,2025-08-06T09:16:56
AGARIND,INE204E01012,2025-08-06,NSE,EQ,EQ,sell,False,6.0,945.5,197651,1000000001314043,2025-08-06T09:16:56
AGARIND,INE204E01012,2025-08-06,NSE,EQ,EQ,sell,False,13.0,945.85,197647,1000000001314043,2025-08-06T09:16:56
AGARIND,INE204E01012,2025-08-06,NSE,EQ,EQ,sell,False,3.0,945.65,197650,1000000001314043,2025-08-06T09:16:56
AGARIND,INE204E01012,2025-08-06,NSE,EQ,EQ,sell,False,5.0,945.75,197648,1000000001314043,2025-08-06T09:16:56
AGARIND,INE204E01012,2025-08-06,NSE,EQ,EQ,sell,False,1.0,946.05,197646,1000000001314043,2025-08-06T09:16:56
NCC,INE868B01028,2025-08-06,BSE,EQ,A,sell,False,40.0,217.0,2423400,1754452912001192719,2025-08-06T09:36:00
BBL,INE464A01036,2025-08-06,NSE,EQ,EQ,buy,False,4.0,2855.0,1070818,1000000009322174,2025-08-06T09:40:13
IGIL,INE0Q9301021,2025-08-06,NSE,EQ,EQ,buy,False,26.0,363.0,201568632,1100000012601153,2025-08-06T09:50:40
M&MFIN,INE774D01024,2025-08-06,NSE,EQ,EQ,buy,False,38.0,253.0,406587822,1200000033373611,2025-08-06T11:21:51
WELSPUNLIV,INE192B01031,2025-08-06,NSE,EQ,EQ,buy,False,82.0,118.0,604008114,1300000032714901,2025-08-06T11:31:28
IGIL,INE0Q9301021,2025-08-07,NSE,EQ,EQ,sell,False,26.0,363.0,201648268,1100000013556467,2025-08-07T09:50:05
TCS,INE467B01029,2025-08-07,NSE,EQ,EQ,sell,False,3.0,3015.9,602560670,1300000023012948,2025-08-07T10:30:16
ITC,INE154A01025,2025-08-08,BSE,EQ,A,buy,False,24.0,414.5,39900,1754623800088020177,2025-08-08T09:15:01
NCC,INE868B01028,2025-08-08,NSE,EQ,EQ,sell,False,85.0,222.5,400250559,1200000001731780,2025-08-08T09:17:46
WELSPUNLIV,INE192B01031,2025-08-08,NSE,EQ,EQ,sell,False,82.0,118.54,600312443,1300000002184190,2025-08-08T09:18:39
INOXWI-RE-BE,INE066P20011,2025-08-08,NSE,EQ,BE,sell,False,10.0,25.59,200424112,1100000003098149,2025-08-08T09:20:18
LXCHEM,INE576O01020,2025-08-08,NSE,EQ,EQ,buy,False,37.0,187.7,400656182,1200000005560939,2025-08-08T09:26:46
LXCHEM,INE576O01020,2025-08-08,NSE,EQ,EQ,buy,False,6.0,187.68,400656180,1200000005560939,2025-08-08T09:26:46
LXCHEM,INE576O01020,2025-08-08,NSE,EQ,EQ,buy,False,2.0,187.7,400656183,1200000005560939,2025-08-08T09:26:46
LXCHEM,INE576O01020,2025-08-08,NSE,EQ,EQ,buy,False,8.0,187.69,400656181,1200000005560939,2025-08-08T09:26:46
LXCHEM,INE576O01020,2025-08-08,NSE,EQ,EQ,buy,False,1.0,187.66,400656179,1200000005560939,2025-08-08T09:26:46
SHAILY,INE151G01028,2025-08-08,NSE,EQ,EQ,buy,False,6.0,1579.5,601297048,1300000009967758,2025-08-08T09:45:25
CENTRALBK,INE483A01010,2025-08-08,BSE,EQ,A,buy,False,50.0,35.53,3381000,1754629575838290482,2025-08-08T10:59:06
AWFIS,INE108V01019,2025-08-11,NSE,EQ,EQ,buy,False,19.0,559.95,79996,1000000000452307,2025-08-11T09:15:29
WIPRO,INE075A01022,2025-08-11,NSE,EQ,EQ,buy,False,41.0,239.87,600165926,1300000000823806,2025-08-11T09:15:59
SHAILY,INE151G01028,2025-08-11,NSE,EQ,EQ,sell,False,1.0,1632.5,600365039,1300000002111760,2025-08-11T09:18:45
SHAILY,INE151G01028,2025-08-11,NSE,EQ,EQ,sell,False,1.0,1632.6,600365038,1300000002111760,2025-08-11T09:18:45
SHAILY,INE151G01028,2025-08-11,NSE,EQ,EQ,sell,False,4.0,1631.2,600365040,1300000002111760,2025-08-11T09:18:45
GAEL,INE036B01030,2025-08-11,NSE,EQ,EQ,buy,False,10.0,103.42,200707433,1100000004814192,2025-08-11T09:24:41
LODHA,INE670K01029,2025-08-11,BSE,EQ,A,buy,False,2.0,1212.3,1855800,1754883000011569586,2025-08-11T09:25:37
JSWENERGY,INE121E01018,2025-08-11,NSE,EQ,EQ,buy,False,19.0,530.0,202081251,1100000015764317,2025-08-11T10:01:38
DEEDEV,INE841L01016,2025-08-11,NSE,EQ,EQ,sell,False,35.0,298.4,206795609,1100000060753390,2025-08-11T14:00:40
LXCHEM,INE576O01020,2025-08-11,NSE,EQ,EQ,buy,False,25.0,184.81,406435428,1200000068717114,2025-08-11T14:50:32
LXCHEM,INE576O01020,2025-08-11,NSE,EQ,EQ,buy,False,10.0,184.8,406435427,1200000068717114,2025-08-11T14:50:32
LXCHEM,INE576O01020,2025-08-11,NSE,EQ,EQ,buy,False,1.0,184.8,406435419,1200000068717114,2025-08-11T14:50:32
LXCHEM,INE576O01020,2025-08-11,NSE,EQ,EQ,buy,False,1.0,184.8,406435421,1200000068717114,2025-08-11T14:50:32
LXCHEM,INE576O01020,2025-08-11,NSE,EQ,EQ,buy,False,1.0,184.8,406435422,1200000068717114,2025-08-11T14:50:32
LXCHEM,INE576O01020,2025-08-11,NSE,EQ,EQ,buy,False,1.0,184.8,406435424,1200000068717114,2025-08-11T14:50:32
LXCHEM,INE576O01020,2025-08-11,NSE,EQ,EQ,buy,False,1.0,184.8,406435426,1200000068717114,2025-08-11T14:50:32
LXCHEM,INE576O01020,2025-08-11,NSE,EQ,EQ,buy,False,5.0,184.8,406435420,1200000068717114,2025-08-11T14:50:32
LXCHEM,INE576O01020,2025-08-11,NSE,EQ,EQ,buy,False,5.0,184.8,406435423,1200000068717114,2025-08-11T14:50:32
LXCHEM,INE576O01020,2025-08-11,NSE,EQ,EQ,buy,False,5.0,184.8,406435425,1200000068717114,2025-08-11T14:50:32
IGPL,INE204A01010,2025-08-12,NSE,EQ,EQ,buy,False,21.0,434.0,200072474,1100000000498192,2025-08-12T09:15:17
AWFIS,INE108V01019,2025-08-12,BSE,EQ,B,sell,False,20.0,617.0,4298500,1754969400000959182,2025-08-12T09:34:03
STERTOOLS,INE334A01023,2025-08-12,NSE,EQ,EQ,buy,False,16.0,309.55,601608297,1300000007721787,2025-08-12T09:34:45
STERTOOLS,INE334A01023,2025-08-12,NSE,EQ,EQ,buy,False,17.0,309.55,601601327,1300000007721787,2025-08-12T09:34:45
TORNTPOWER,INE813H01021,2025-08-12,BSE,EQ,A,sell,False,2.0,1352.4,4469600,1754979140972690696,2025-08-12T12:25:00
TORNTPOWER,INE813H01021,2025-08-12,BSE,EQ,A,sell,False,2.0,1352.45,4469400,1754979140972690696,2025-08-12T12:25:00
TORNTPOWER,INE813H01021,2025-08-12,BSE,EQ,A,sell,False,4.0,1352.35,4469900,1754979140972690696,2025-08-12T12:25:00
TORNTPOWER,INE813H01021,2025-08-12,BSE,EQ,A,sell,False,6.0,1352.3,4470200,1754979140972690696,2025-08-12T12:25:00
LXCHEM,INE576O01020,2025-08-12,NSE,EQ,EQ,sell,False,1.0,183.77,403612729,1200000043226744,2025-08-12T12:29:57
LXCHEM,INE576O01020,2025-08-12,NSE,EQ,EQ,sell,False,26.0,183.77,403612730,1200000043226744,2025-08-12T12:29:57
LXCHEM,INE576O01020,2025-08-12,NSE,EQ,EQ,sell,False,3.0,183.78,403612728,1200000043226744,2025-08-12T12:29:57
PPLPHARMA,INE0DK501011,2025-08-12,NSE,EQ,EQ,buy,False,36.0,189.93,403682403,1200000043898108,2025-08-12T12:35:09
PPLPHARMA,INE0DK501011,2025-08-12,NSE,EQ,EQ,buy,False,16.0,189.93,403682404,1200000043898108,2025-08-12T12:35:09
JINDALSAW,INE324A01032,2025-08-12,NSE,EQ,EQ,buy,False,49.0,200.39,204859656,1100000041814291,2025-08-12T12:42:28
LXCHEM,INE576O01020,2025-08-13,BSE,EQ,A,sell,False,27.0,186.65,5913200,1755062537745748666,2025-08-13T11:33:33
LXCHEM,INE576O01020,2025-08-13,BSE,EQ,A,sell,False,3.0,186.6,5913400,1755062537745748666,2025-08-13T11:33:33
BBL,INE464A01036,2025-08-13,BSE,EQ,A,sell,False,2.0,2822.85,3029300,1755061844271928536,2025-08-13T11:35:18
WIPRO,INE075A01022,2025-08-13,NSE,EQ,EQ,sell,False,20.0,241.09,603622759,1300000029314586,2025-08-13T11:36:26
ZAGGLE,INE07K301024,2025-08-13,BSE,EQ,A,sell,False,1.0,371.15,2932500,1755063346822265173,2025-08-13T11:37:33
ZAGGLE,INE07K301024,2025-08-13,BSE,EQ,A,sell,False,5.0,371.05,2932700,1755063346822265173,2025-08-13T11:37:33
ZAGGLE,INE07K301024,2025-08-13,BSE,EQ,A,sell,False,9.0,371.0,2932900,1755063346822265173,2025-08-13T11:37:33
LXCHEM,INE576O01020,2025-08-13,NSE,EQ,EQ,buy,False,54.0,185.0,403838952,1200000038358881,2025-08-13T12:14:42
AMJLAND,INE606A01024,2025-08-13,NSE,EQ,EQ,buy,False,11.0,54.05,4997022,1000000035023613,2025-08-13T12:47:11
AMJLAND,INE606A01024,2025-08-13,NSE,EQ,EQ,buy,False,29.0,54.05,5011348,1000000035023613,2025-08-13T12:47:11
AMJLAND,INE606A01024,2025-08-13,NSE,EQ,EQ,buy,False,10.0,54.05,4997023,1000000035023613,2025-08-13T12:47:11
AMJLAND,INE606A01024,2025-08-13,NSE,EQ,EQ,buy,False,75.0,54.05,3626368,1000000035023613,2025-08-13T12:47:11
AMJLAND,INE606A01024,2025-08-13,NSE,EQ,EQ,buy,False,60.0,54.05,4997024,1000000035023613,2025-08-13T12:47:11
DEEDEV,INE841L01016,2025-08-13,NSE,EQ,EQ,buy,False,35.0,286.25,207008894,1100000063312204,2025-08-13T14:19:45
AWFIS,INE108V01019,2025-08-14,BSE,EQ,B,sell,False,1.0,578.55,1674500,1755142200000529089,2025-08-14T09:22:14
AWFIS,INE108V01019,2025-08-14,BSE,EQ,B,sell,False,25.0,578.45,1674700,1755142200000529089,2025-08-14T09:22:14
ZAGGLE,INE07K301024,2025-08-14,NSE,EQ,EQ,buy,False,27.0,359.0,602788647,1300000023693368,2025-08-14T11:14:17
ZAGGLE,INE07K301024,2025-08-14,NSE,EQ,EQ,sell,False,10.0,367.2,606168396,1300000052086755,2025-08-14T15:06:55
ZAGGLE,INE07K301024,2025-08-14,NSE,EQ,EQ,sell,False,1.0,367.15,606168397,1300000052086755,2025-08-14T15:06:55
ZAGGLE,INE07K301024,2025-08-14,NSE,EQ,EQ,sell,False,16.0,367.15,606168398,1300000052086755,2025-08-14T15:06:55
AWFIS,INE108V01019,2025-08-14,NSE,EQ,EQ,buy,False,11.0,559.75,5550392,1000000054456331,2025-08-14T15:15:46
AWFIS,INE108V01019,2025-08-14,NSE,EQ,EQ,buy,False,7.0,559.65,5550391,1000000054456331,2025-08-14T15:15:46
WIPRO,INE075A01022,2025-08-18,NSE,EQ,EQ,sell,False,12.0,246.9,600393930,1300000001996537,2025-08-18T09:17:43
WIPRO,INE075A01022,2025-08-18,NSE,EQ,EQ,sell,False,25.0,246.9,600393931,1300000001996537,2025-08-18T09:17:43
WIPRO,INE075A01022,2025-08-18,NSE,EQ,EQ,sell,False,23.0,246.9,600393929,1300000001996537,2025-08-18T09:17:43
WIPRO,INE075A01022,2025-08-18,NSE,EQ,EQ,sell,False,1.0,246.9,600393932,1300000001996537,2025-08-18T09:17:43
M&MFIN,INE774D01024,2025-08-18,BSE,EQ,A,sell,False,38.0,260.5,297700,1755487800010112154,2025-08-18T09:18:33
ITC,INE154A01025,2025-08-18,BSE,EQ,A,buy,False,72.0,409.0,1240000,1755487800005286219,2025-08-18T09:25:13
ZAGGLE,INE07K301024,2025-08-18,BSE,EQ,A,sell,False,19.0,392.45,1372100,1755487800005559092,2025-08-18T09:38:30
ZAGGLE,INE07K301024,2025-08-18,BSE,EQ,A,sell,False,5.0,392.4,1372300,1755487800005559092,2025-08-18T09:38:30
COALINDIA,INE522F01014,2025-08-18,NSE,EQ,EQ,sell,False,20.0,385.7,1959475,1000000015940345,2025-08-18T10:10:58
ELECTCAST,INE086A01029,2025-08-18,BSE,EQ,A,buy,False,20.0,102.0,2140200,1755491316549247852,2025-08-18T10:16:35
FINPIPE,INE183A01024,2025-08-18,NSE,EQ,EQ,sell,False,4.0,195.85,203427123,1100000024607978,2025-08-18T10:32:07
FINPIPE,INE183A01024,2025-08-18,NSE,EQ,EQ,sell,False,16.0,195.85,203427124,1100000024607978,2025-08-18T10:32:07
LXCHEM,INE576O01020,2025-08-18,NSE,EQ,EQ,sell,False,20.0,186.32,402591093,1200000021600114,2025-08-18T10:35:09
AWFIS,INE108V01019,2025-08-19,BSE,EQ,B,sell,False,18.0,584.5,515100,1755574200218251066,2025-08-19T09:16:57
LXCHEM,INE576O01020,2025-08-19,NSE,EQ,EQ,sell,False,73.0,229.76,400221668,1200000001688372,2025-08-19T09:17:58
LXCHEM,INE576O01020,2025-08-19,NSE,EQ,EQ,sell,False,61.0,229.79,400221667,1200000001688372,2025-08-19T09:17:58
BMW,INE374E01021,2025-08-19,BSE,EQ,B,buy,False,200.0,47.95,1314500,1755574200001021301,2025-08-19T09:20:49
BMW,INE374E01021,2025-08-19,BSE,EQ,B,buy,False,12.0,47.95,1941400,1755574200001021301,2025-08-19T09:20:49
BMW,INE374E01021,2025-08-19,BSE,EQ,B,buy,False,2.0,47.95,1614300,1755574200001021301,2025-08-19T09:20:49
BMW,INE374E01021,2025-08-19,BSE,EQ,B,buy,False,233.0,47.95,1737700,1755574200001021301,2025-08-19T09:20:49
BMW,INE374E01021,2025-08-19,BSE,EQ,B,buy,False,81.0,47.95,1290000,1755574200001021301,2025-08-19T09:20:49
BMW,INE374E01021,2025-08-19,BSE,EQ,B,buy,False,95.0,47.95,1839000,1755574200001021301,2025-08-19T09:20:49
AMJLAND,INE606A01024,2025-08-19,BSE,EQ,B,sell,False,33.0,55.52,2023200,1755574200000045350,2025-08-19T09:37:31
AMJLAND,INE606A01024,2025-08-19,BSE,EQ,B,sell,False,65.0,55.42,2023600,1755574200000045350,2025-08-19T09:37:31
AMJLAND,INE606A01024,2025-08-19,BSE,EQ,B,sell,False,86.0,55.47,2023400,1755574200000045350,2025-08-19T09:37:31
AMJLAND,INE606A01024,2025-08-19,BSE,EQ,B,sell,False,1.0,55.58,2023000,1755574200000045350,2025-08-19T09:37:31
BMW,INE374E01021,2025-08-19,BSE,EQ,B,sell,False,68.0,47.5,4038800,1755574200001134756,2025-08-19T10:06:41
FIVESTAR,INE128S01021,2025-08-19,NSE,EQ,EQ,buy,False,5.0,590.8,202368485,1100000018604205,2025-08-19T10:23:39
INFY,INE009A01021,2025-08-19,NSE,EQ,EQ,buy,False,2.0,1440.5,202519404,1100000019832205,2025-08-19T10:30:01
DATAPATTNS,INE0IX101010,2025-08-19,NSE,EQ,EQ,buy,False,1.0,2563.3,202574510,1100000020261274,2025-08-19T10:32:22
GAEL,INE036B01030,2025-08-19,BSE,EQ,A,buy,False,20.0,103.8,3250400,1755577278077954300,2025-08-19T10:33:03
TATATECH,INE142M01025,2025-08-19,BSE,EQ,A,buy,False,5.0,681.75,6103900,1755591448865905901,2025-08-19T14:41:59
SONACOMS,INE073K01018,2025-08-20,NSE,EQ,EQ,buy,False,21.0,453.6,600287209,1300000001820879,2025-08-20T09:18:29
AWFIS,INE108V01019,2025-08-20,NSE,EQ,EQ,buy,False,3.0,578.9,384169,1000000002464734,2025-08-20T09:20:16
AWFIS,INE108V01019,2025-08-20,NSE,EQ,EQ,buy,False,1.0,578.9,384168,1000000002464734,2025-08-20T09:20:16
AWFIS,INE108V01019,2025-08-20,NSE,EQ,EQ,buy,False,13.0,578.9,384167,1000000002464734,2025-08-20T09:20:16
LEHAR-X,INE976H01018,2025-08-20,BSE,EQ,X,buy,False,36.0,270.0,377300,1755660600001044153,2025-08-20T09:20:20
LUXIND,INE150G01020,2025-08-20,NSE,EQ,EQ,buy,False,1.0,1355.0,403384317,1200000029608684,2025-08-20T11:25:47
ITDC,INE353K01014,2025-08-20,BSE,EQ,B,sell,False,10.0,562.1,7495100,1755668801390082548,2025-08-20T11:30:07
STERTOOLS,INE334A01023,2025-08-20,BSE,EQ,B,sell,False,10.0,322.2,16840500,1755668267205490129,2025-08-20T11:31:04
ITC,INE154A01025,2025-08-20,NSE,EQ,EQ,sell,False,30.0,409.65,204372568,1100000032674712,2025-08-20T11:31:56
LODHA,INE670K01029,2025-08-20,NSE,EQ,EQ,sell,False,1.0,1271.3,403464612,1200000030892312,2025-08-20T11:32:37
LODHA,INE670K01029,2025-08-20,NSE,EQ,EQ,sell,False,3.0,1271.3,403464611,1200000030892312,2025-08-20T11:32:37
INDUSTOWER,INE121J01017,2025-08-20,NSE,EQ,EQ,sell,False,10.0,349.0,206644525,1100000050880670,2025-08-20T13:28:41
COALINDIA,INE522F01014,2025-08-21,NSE,EQ,EQ,buy,False,27.0,379.45,31253,1000000000254289,2025-08-21T09:15:03
LEHAR-X,INE976H01018,2025-08-21,BSE,EQ,X,sell,False,36.0,290.0,2805600,1755747000001027603,2025-08-21T10:48:16
ITDC,INE353K01014,2025-08-21,NSE,EQ,EQ,buy,False,2.0,564.35,203545381,1100000027427611,2025-08-21T11:04:34
GAEL,INE036B01030,2025-08-21,NSE,EQ,EQ,buy,False,10.0,106.59,203566417,1100000027621389,2025-08-21T11:05:50
INFY,INE009A01021,2025-08-21,NSE,EQ,EQ,buy,False,1.0,1499.0,203617237,1100000028047871,2025-08-21T11:08:37
LODHA,INE670K01029,2025-08-21,NSE,EQ,EQ,sell,False,3.0,1295.1,405480691,1200000050875895,2025-08-21T13:40:01
DEEDEV,INE841L01016,2025-08-22,NSE,EQ,EQ,buy,False,107.0,275.0,200047901,1100000000350412,2025-08-22T09:15:05
PPLPHARMA,INE0DK501011,2025-08-22,NSE,EQ,EQ,sell,False,57.0,192.88,400781161,1200000007440829,2025-08-22T09:33:48
PPLPHARMA,INE0DK501011,2025-08-22,NSE,EQ,EQ,sell,False,16.0,192.88,400781162,1200000007440829,2025-08-22T09:33:48
PPLPHARMA,INE0DK501011,2025-08-22,NSE,EQ,EQ,sell,False,30.0,192.9,400781160,1200000007440829,2025-08-22T09:33:48
PERSISTENT,INE262H01021,2025-08-22,NSE,EQ,EQ,sell,False,1.0,5351.0,400812355,1200000007811935,2025-08-22T09:34:57
DEEDEV,INE841L01016,2025-08-22,NSE,EQ,EQ,sell,False,9.0,274.85,201250439,1100000010133064,2025-08-22T09:41:10
DEEDEV,INE841L01016,2025-08-22,NSE,EQ,EQ,sell,False,11.0,274.9,201250436,1100000010133064,2025-08-22T09:41:10
DEEDEV,INE841L01016,2025-08-22,NSE,EQ,EQ,sell,False,1.0,274.85,201250437,1100000010133064,2025-08-22T09:41:10
DEEDEV,INE841L01016,2025-08-22,NSE,EQ,EQ,sell,False,1.0,274.9,201250435,1100000010133064,2025-08-22T09:41:10
DEEDEV,INE841L01016,2025-08-22,NSE,EQ,EQ,sell,False,18.0,274.85,201250438,1100000010133064,2025-08-22T09:41:10
DEEDEV,INE841L01016,2025-08-22,NSE,EQ,EQ,sell,False,28.0,275.05,201250432,1100000010133064,2025-08-22T09:41:10
DEEDEV,INE841L01016,2025-08-22,NSE,EQ,EQ,sell,False,35.0,274.95,201250434,1100000010133064,2025-08-22T09:41:10
DEEDEV,INE841L01016,2025-08-22,NSE,EQ,EQ,sell,False,4.0,275.0,201250433,1100000010133064,2025-08-22T09:41:10
PPLPHARMA,INE0DK501011,2025-08-22,NSE,EQ,EQ,buy,False,51.0,194.79,401285897,1200000012973233,2025-08-22T09:55:30
PFC,INE134E01011,2025-08-22,NSE,EQ,EQ,buy,False,22.0,400.7,402667275,1200000028067399,2025-08-22T11:24:34
PFC,INE134E01011,2025-08-22,NSE,EQ,EQ,buy,False,3.0,400.7,402667276,1200000028067399,2025-08-22T11:24:34
FIVESTAR,INE128S01021,2025-08-22,NSE,EQ,EQ,buy,False,10.0,588.9,207229421,1100000060805696,2025-08-22T14:50:20
DATAPATTNS,INE0IX101010,2025-08-25,NSE,EQ,EQ,buy,False,1.0,2615.0,200083105,1100000000325542,2025-08-25T09:15:01
IGPL,INE204A01010,2025-08-25,NSE,EQ,EQ,sell,False,16.0,460.0,200386714,1100000002612222,2025-08-25T09:19:13
IGPL,INE204A01010,2025-08-25,NSE,EQ,EQ,sell,False,5.0,460.0,200386713,1100000002612222,2025-08-25T09:19:13
INFY,INE009A01021,2025-08-25,BSE,EQ,A,sell,False,2.0,1516.6,1348900,1756092600093476346,2025-08-25T09:23:28
BMW,INE374E01021,2025-08-25,BSE,EQ,B,sell,False,200.0,48.5,1406000,1756092600037102183,2025-08-25T09:26:37
TCS,INE467B01029,2025-08-25,NSE,EQ,EQ,buy,False,1.0,3117.9,600904948,1300000006922922,2025-08-25T09:32:19
TCS,INE467B01029,2025-08-25,NSE,EQ,EQ,buy,False,2.0,3117.9,600904947,1300000006922922,2025-08-25T09:32:19
CMSINFO,INE925R01014,2025-08-25,NSE,EQ,EQ,buy,False,13.0,445.8,1247275,1000000011123764,2025-08-25T09:58:15
COALINDIA,INE522F01014,2025-08-25,NSE,EQ,EQ,sell,False,20.0,380.25,4306024,1000000041589645,2025-08-25T13:53:52
BBL,INE464A01036,2025-08-25,NSE,EQ,EQ,buy,False,1.0,2820.0,4424569,1000000042660968,2025-08-25T14:03:58
BBL,INE464A01036,2025-08-25,NSE,EQ,EQ,buy,False,1.0,2820.0,4424472,1000000042660968,2025-08-25T14:03:58
BBL,INE464A01036,2025-08-25,NSE,EQ,EQ,sell,False,2.0,2884.0,6019247,1000000052728157,2025-08-25T15:26:20
ITC,INE154A01025,2025-08-25,BSE,EQ,A,buy,False,5.0,399.4,6788100,1756115745773058785,2025-08-25T15:29:05
KITEX,INE602G01020,2025-08-26,NSE,EQ,EQ,buy,False,50.0,178.49,400023984,1200000000267232,2025-08-26T09:15:00
BODALCHEM,INE338D01028,2025-08-26,NSE,EQ,EQ,buy,False,98.0,65.0,6736163,1000000000203998,2025-08-26T09:15:02
BODALCHEM,INE338D01028,2025-08-26,NSE,EQ,EQ,buy,False,51.0,65.0,6805768,1000000000203998,2025-08-26T09:15:02
YUKEN,INE384C01016,2025-08-26,NSE,EQ,EQ,buy,False,9.0,990.0,600809904,1300000006498427,2025-08-26T09:30:42
FINPIPE,INE183A01024,2025-08-26,NSE,EQ,EQ,sell,False,2.0,210.08,201265407,1100000010097363,2025-08-26T09:39:40
FINPIPE,INE183A01024,2025-08-26,NSE,EQ,EQ,sell,False,41.0,210.09,201265406,1100000010097363,2025-08-26T09:39:40
FINPIPE,INE183A01024,2025-08-26,NSE,EQ,EQ,sell,False,4.0,210.06,201265411,1100000010097363,2025-08-26T09:39:40
FINPIPE,INE183A01024,2025-08-26,NSE,EQ,EQ,sell,False,2.0,210.06,201265410,1100000010097363,2025-08-26T09:39:40
FINPIPE,INE183A01024,2025-08-26,NSE,EQ,EQ,sell,False,48.0,210.08,201265408,1100000010097363,2025-08-26T09:39:40
FINPIPE,INE183A01024,2025-08-26,NSE,EQ,EQ,sell,False,15.0,210.05,201265414,1100000010097363,2025-08-26T09:39:40
FINPIPE,INE183A01024,2025-08-26,NSE,EQ,EQ,sell,False,14.0,210.06,201265413,1100000010097363,2025-08-26T09:39:40
FINPIPE,INE183A01024,2025-08-26,NSE,EQ,EQ,sell,False,1.0,210.08,201265409,1100000010097363,2025-08-26T09:39:40
FINPIPE,INE183A01024,2025-08-26,NSE,EQ,EQ,sell,False,1.0,210.06,201265412,1100000010097363,2025-08-26T09:39:40
BBL,INE464A01036,2025-08-26,NSE,EQ,EQ,sell,False,6.0,2863.5,1017298,1000000008581789,2025-08-26T09:40:37
PNCINFRA,INE195J01029,2025-08-28,NSE,EQ,EQ,buy,False,33.0,296.9,400051005,1200000000282249,2025-08-28T09:15:05
KPL,INE552U01010,2025-08-28,BSE,EQ,B,buy,False,10.0,990.0,273300,1756351800009037133,2025-08-28T09:17:47
IGPL,INE204A01010,2025-08-28,NSE,EQ,EQ,buy,False,22.0,435.0,200691428,1100000003915789,2025-08-28T09:21:36
DEEDEV,INE841L01016,2025-08-28,NSE,EQ,EQ,buy,False,37.0,266.0,200851396,1100000005858487,2025-08-28T09:26:06
HCLTECH,INE860A01027,2025-08-28,NSE,EQ,EQ,buy,False,6.0,1450.0,208405494,1100000044156151,2025-08-28T12:51:41
KPL,INE552U01010,2025-08-28,BSE,EQ,B,sell,False,8.0,1000.1,8002900,1756351800009237974,2025-08-28T14:48:57
KPL,INE552U01010,2025-08-28,BSE,EQ,B,sell,False,2.0,1000.05,8003100,1756351800009237974,2025-08-28T14:48:57
PNCINFRA,INE195J01029,2025-08-28,NSE,EQ,EQ,sell,False,33.0,300.0,406423537,1200000061048268,2025-08-28T14:49:19
IGPL,INE204A01010,2025-08-28,NSE,EQ,EQ,sell,False,2.0,430.05,208032940,1100000061802787,2025-08-28T14:49:52
IGPL,INE204A01010,2025-08-28,NSE,EQ,EQ,sell,False,20.0,430.05,208032939,1100000061802787,2025-08-28T14:49:52
AWFIS,INE108V01019,2025-08-28,NSE,EQ,EQ,buy,False,17.0,568.6,6291788,1000000054416625,2025-08-28T15:12:02
KITEX,INE602G01020,2025-08-29,NSE,EQ,EQ,buy,False,6.0,171.1,400587837,1200000000272448,2025-08-29T09:15:04
INDUSTOWER,INE121J01017,2025-08-29,NSE,EQ,EQ,buy,False,21.0,338.6,200090993,1100000000602884,2025-08-29T09:15:31
BMW,INE374E01021,2025-08-29,BSE,EQ,B,buy,False,1.0,46.9,1544500,1756438200015014828,2025-08-29T09:40:20
BMW,INE374E01021,2025-08-29,BSE,EQ,B,buy,False,211.0,46.89,1544300,1756438200015014828,2025-08-29T09:40:20
KITEX,INE602G01020,2025-08-29,NSE,EQ,EQ,buy,False,6.0,172.41,401045722,1200000009766275,2025-08-29T09:40:32
M&MFIN,INE774D01024,2025-08-29,NSE,EQ,EQ,buy,False,39.0,255.0,404146383,1200000019029607,2025-08-29T10:20:37
KITEX,INE602G01020,2025-08-29,NSE,EQ,EQ,buy,False,5.0,173.43,402320938,1200000023875115,2025-08-29T10:45:00
KITEX,INE602G01020,2025-08-29,NSE,EQ,EQ,buy,False,1.0,173.27,402320937,1200000023875115,2025-08-29T10:45:00
DEEDEV,INE841L01016,2025-08-29,BSE,EQ,B,sell,False,20.0,270.05,9257600,1756449687684075065,2025-08-29T12:23:21
PERSISTENT,INE262H01021,2025-08-29,NSE,EQ,EQ,sell,False,1.0,5314.0,403737125,1200000040229200,2025-08-29T12:25:06
ITC,INE154A01025,2025-08-29,NSE,EQ,EQ,sell,False,10.0,407.25,205062527,1100000043843197,2025-08-29T12:53:03
KPL,INE552U01010,2025-09-01,BSE,EQ,B,buy,False,10.0,984.95,147800,1756697400006040099,2025-09-01T09:15:05
KITEX,INE602G01020,2025-09-01,BSE,EQ,B,sell,False,9.0,183.1,170900,1756697400001028219,2025-09-01T09:16:20
KITEX,INE602G01020,2025-09-01,BSE,EQ,B,sell,False,34.0,183.15,170700,1756697400001028219,2025-09-01T09:16:20
KITEX,INE602G01020,2025-09-01,BSE,EQ,B,sell,False,25.0,183.3,170500,1756697400001028219,2025-09-01T09:16:20
YUKEN,INE384C01016,2025-09-01,BSE,EQ,B,sell,False,1.0,1017.3,466400,1756697400005058059,2025-09-01T09:16:29
ITC,INE154A01025,2025-09-01,BSE,EQ,A,sell,False,9.0,409.65,325200,1756697400009087629,2025-09-01T09:18:43
ITC,INE154A01025,2025-09-01,BSE,EQ,A,sell,False,1.0,409.6,325400,1756697400009087629,2025-09-01T09:18:43
ONGC,INE213A01029,2025-09-01,NSE,EQ,EQ,buy,False,17.0,234.49,400462635,1200000003643579,2025-09-01T09:22:40
YUKEN,INE384C01016,2025-09-01,BSE,EQ,B,sell,False,8.0,1005.15,10359300,1756697400005481934,2025-09-01T09:22:57
NAHARINDUS-T,INE289A01011,2025-09-01,BSE,EQ,T,buy,False,6.0,112.85,2010800,1756697400001243019,2025-09-01T09:52:15
STERTOOLS,INE334A01023,2025-09-01,NSE,EQ,EQ,buy,False,1.0,309.7,602059853,1300000012764179,2025-09-01T10:00:07
STERTOOLS,INE334A01023,2025-09-01,NSE,EQ,EQ,buy,False,9.0,309.7,602063661,1300000012764179,2025-09-01T10:00:07
ITDC,INE353K01014,2025-09-01,NSE,EQ,EQ,buy,False,8.0,532.3,202364394,1100000015940211,2025-09-01T10:06:36
BMW,INE374E01021,2025-09-01,BSE,EQ,B,sell,False,100.0,47.1,4744200,1756697400006030678,2025-09-01T11:21:45
BAJAJHFL,INE377Y01014,2025-09-01,BSE,EQ,A,buy,False,10.0,111.75,5350300,1756705486263160118,2025-09-01T11:22:06
AWFIS,INE108V01019,2025-09-01,NSE,EQ,EQ,sell,False,7.0,569.9,2653703,1000000024425392,2025-09-01T11:25:00
AWFIS,INE108V01019,2025-09-01,NSE,EQ,EQ,sell,False,3.0,569.9,2653702,1000000024425392,2025-09-01T11:25:00
PFC,INE134E01011,2025-09-01,NSE,EQ,EQ,buy,False,24.0,387.25,403764233,1200000034070382,2025-09-01T12:02:37
PPLPHARMA,INE0DK501011,2025-09-01,NSE,EQ,EQ,buy,False,52.0,187.05,404072075,1200000036846332,2025-09-01T12:21:53
CENTRALBK,INE483A01010,2025-09-01,NSE,EQ,EQ,buy,False,116.0,35.15,6073210,1000000052788036,2025-09-01T15:20:03
LUXIND,INE150G01020,2025-09-02,NSE,EQ,EQ,buy,False,1.0,1299.4,401012528,1200000007514306,2025-09-02T09:34:39
DEEDEV,INE841L01016,2025-09-02,NSE,EQ,EQ,sell,False,52.0,274.0,201219003,1100000009331430,2025-09-02T09:43:55
PPLPHARMA,INE0DK501011,2025-09-02,NSE,EQ,EQ,sell,False,20.0,188.5,401392115,1200000010686045,2025-09-02T09:45:58
STERTOOLS,INE334A01023,2025-09-02,BSE,EQ,B,sell,False,10.0,323.1,3440600,1756786695251101545,2025-09-02T09:52:36
LODHA,INE670K01029,2025-09-02,BSE,EQ,A,buy,False,2.0,1209.55,2409700,1756786599458089388,2025-09-02T09:54:39
ITDC,INE353K01014,2025-09-02,NSE,EQ,EQ,buy,False,8.0,549.1,202507063,1100000018778399,2025-09-02T10:32:11
JINDALSAW,INE324A01032,2025-09-02,BSE,EQ,A,sell,False,20.0,206.9,5867900,1756790741396551041,2025-09-02T11:20:20
CENTRALBK,INE483A01010,2025-09-02,BSE,EQ,A,sell,False,33.0,35.62,4481200,1756789631535806781,2025-09-02T11:23:04
CENTRALBK,INE483A01010,2025-09-02,BSE,EQ,A,sell,False,50.0,35.64,4480800,1756789631535806781,2025-09-02T11:23:04
CENTRALBK,INE483A01010,2025-09-02,BSE,EQ,A,sell,False,17.0,35.63,4481000,1756789631535806781,2025-09-02T11:23:04
GAEL,INE036B01030,2025-09-02,BSE,EQ,A,sell,False,20.0,105.7,4508300,1756789631535823227,2025-09-02T11:24:27
MGL,INE002S01010,2025-09-02,BSE,EQ,A,buy,False,1.0,1277.65,4653200,1756791253333538567,2025-09-02T11:28:47
POLYPLEX,INE633B01018,2025-09-02,BSE,EQ,B,buy,False,2.0,1023.7,9166000,1756789938546959148,2025-09-02T11:29:30
CAPITALSFB,INE646H01017,2025-09-02,NSE,EQ,EQ,buy,False,5.0,282.0,2873537,1000000023740807,2025-09-02T11:32:08
CAPITALSFB,INE646H01017,2025-09-02,NSE,EQ,EQ,buy,False,30.0,282.0,2978150,1000000023740807,2025-09-02T11:32:08
DEEDEV,INE841L01016,2025-09-02,NSE,EQ,EQ,buy,False,3.0,272.45,206488723,1100000048273418,2025-09-02T13:43:50
DEEDEV,INE841L01016,2025-09-02,NSE,EQ,EQ,buy,False,33.0,272.45,206489553,1100000048273418,2025-09-02T13:43:50
INDUSTOWER,INE121J01017,2025-09-02,BSE,EQ,A,sell,False,10.0,328.7,4104900,1756800181667452731,2025-09-02T13:55:16
CAPITALSFB,INE646H01017,2025-09-02,NSE,EQ,EQ,sell,False,35.0,281.2,4868107,1000000041223198,2025-09-02T13:57:16
DEEDEV,INE841L01016,2025-09-02,NSE,EQ,EQ,sell,False,5.0,280.05,208266932,1100000062405939,2025-09-02T14:58:44
DEEDEV,INE841L01016,2025-09-02,NSE,EQ,EQ,sell,False,20.0,280.15,208266930,1100000062405939,2025-09-02T14:58:44
DEEDEV,INE841L01016,2025-09-02,NSE,EQ,EQ,sell,False,11.0,280.1,208266931,1100000062405939,2025-09-02T14:58:44
FIVESTAR,INE128S01021,2025-09-03,NSE,EQ,EQ,buy,False,3.0,534.35,200182193,1100000001154014,2025-09-03T09:16:20
FIVESTAR,INE128S01021,2025-09-03,NSE,EQ,EQ,buy,False,8.0,534.35,200182192,1100000001154014,2025-09-03T09:16:20
JINDALSAW,INE324A01032,2025-09-03,NSE,EQ,EQ,buy,False,3.0,208.26,200786126,1100000005653364,2025-09-03T09:26:39
JINDALSAW,INE324A01032,2025-09-03,NSE,EQ,EQ,buy,False,5.0,208.25,200786125,1100000005653364,2025-09-03T09:26:39
JINDALSAW,INE324A01032,2025-09-03,NSE,EQ,EQ,buy,False,5.0,208.23,200786124,1100000005653364,2025-09-03T09:26:39
PPLPHARMA,INE0DK501011,2025-09-03,NSE,EQ,EQ,buy,False,1.0,189.94,401077447,1200000008322828,2025-09-03T09:33:53
PPLPHARMA,INE0DK501011,2025-09-03,NSE,EQ,EQ,buy,False,51.0,189.94,401077448,1200000008322828,2025-09-03T09:33:53
PPLPHARMA,INE0DK501011,2025-09-03,BSE,EQ,A,sell,False,83.0,194.4,1808700,1756873074545453856,2025-09-03T10:05:42
MGL,INE002S01010,2025-09-03,BSE,EQ,A,buy,False,1.0,1311.35,2615800,1756873655962264985,2025-09-03T10:14:10
STERTOOLS,INE334A01023,2025-09-03,NSE,EQ,EQ,buy,False,20.0,325.0,602286057,1300000017576864,2025-09-03T10:17:49
STERTOOLS,INE334A01023,2025-09-03,NSE,EQ,EQ,buy,False,10.0,324.8,602286056,1300000017576864,2025-09-03T10:17:49
PFC,INE134E01011,2025-09-03,BSE,EQ,A,sell,False,10.0,395.0,7001300,1756873074545633184,2025-09-03T10:17:57
STERTOOLS,INE334A01023,2025-09-03,NSE,EQ,EQ,sell,False,30.0,325.0,602601818,1300000017826883,2025-09-03T10:19:08
ITDC,INE353K01014,2025-09-03,BSE,EQ,B,sell,False,10.0,554.75,6507500,1756876696663929343,2025-09-03T11:56:57
PFC,INE134E01011,2025-09-03,BSE,EQ,A,sell,False,10.0,392.6,4683100,1756878667678917548,2025-09-03T12:01:36
JSWENERGY,INE121E01018,2025-09-03,NSE,EQ,EQ,buy,False,19.0,510.0,206427310,1100000043299813,2025-09-03T12:46:10
LUXIND,INE150G01020,2025-09-03,NSE,EQ,EQ,buy,False,1.0,1314.6,408799187,1200000074196707,2025-09-03T15:25:35
INDUSTOWER,INE121J01017,2025-09-04,NSE,EQ,EQ,buy,False,5.0,327.0,200059053,1100000000339499,2025-09-04T09:15:03
CMSINFO,INE925R01014,2025-09-04,NSE,EQ,EQ,buy,False,9.0,419.45,246611,1000000000328802,2025-09-04T09:15:09
CMSINFO,INE925R01014,2025-09-04,NSE,EQ,EQ,buy,False,3.0,419.45,247082,1000000000328802,2025-09-04T09:15:09
CMSINFO,INE925R01014,2025-09-04,NSE,EQ,EQ,buy,False,9.0,419.45,231406,1000000000328802,2025-09-04T09:15:09
CENTRALBK,INE483A01010,2025-09-04,NSE,EQ,EQ,buy,False,1.0,36.0,92700,1000000000421709,2025-09-04T09:15:16
CENTRALBK,INE483A01010,2025-09-04,NSE,EQ,EQ,buy,False,113.0,36.0,97613,1000000000421709,2025-09-04T09:15:16
PPLPHARMA,INE0DK501011,2025-09-04,BSE,EQ,A,sell,False,52.0,200.7,310400,1756956600041051299,2025-09-04T09:16:10
KPL,INE552U01010,2025-09-04,BSE,EQ,B,buy,False,10.0,970.0,1724400,1756956600008025129,2025-09-04T09:41:19
SONACOMS,INE073K01018,2025-09-04,NSE,EQ,EQ,buy,False,1.0,454.8,601308179,1300000009925988,2025-09-04T09:41:36
BMW,INE374E01021,2025-09-04,BSE,EQ,B,sell,False,1.0,50.6,1949800,1756956600008100035,2025-09-04T09:51:26
BMW,INE374E01021,2025-09-04,BSE,EQ,B,sell,False,355.0,50.6,1965500,1756956600008100035,2025-09-04T09:51:26
BMW,INE374E01021,2025-09-04,BSE,EQ,B,sell,False,100.0,50.6,1964900,1756956600008100035,2025-09-04T09:51:26
BMW,INE374E01021,2025-09-04,BSE,EQ,B,sell,False,10.0,50.6,1946800,1756956600008100035,2025-09-04T09:51:26
BMW,INE374E01021,2025-09-04,BSE,EQ,B,sell,False,1.0,50.6,1961500,1756956600008100035,2025-09-04T09:51:26
ITDC,INE353K01014,2025-09-04,BSE,EQ,B,sell,False,10.0,557.2,3218300,1756956600040897154,2025-09-04T09:52:07
LODHA,INE670K01029,2025-09-04,NSE,EQ,EQ,sell,False,4.0,1221.8,402267860,1200000017368646,2025-09-04T09:59:47
WIPRO,INE075A01022,2025-09-04,NSE,EQ,EQ,buy,False,40.0,247.0,605560526,1300000024329660,2025-09-04T10:55:25
KITEX,INE602G01020,2025-09-04,NSE,EQ,EQ,buy,False,55.0,179.55,404527614,1200000038193068,2025-09-04T11:49:06
DEEDEV,INE841L01016,2025-09-04,NSE,EQ,EQ,buy,False,1.0,272.0,207893906,1100000064387834,2025-09-04T14:23:57
DEEDEV,INE841L01016,2025-09-04,NSE,EQ,EQ,buy,False,5.0,272.0,208219381,1100000064387834,2025-09-04T14:23:57
DEEDEV,INE841L01016,2025-09-04,NSE,EQ,EQ,buy,False,27.0,272.0,207892840,1100000064387834,2025-09-04T14:23:57
DEEDEV,INE841L01016,2025-09-04,NSE,EQ,EQ,buy,False,1.0,272.0,207895544,1100000064387834,2025-09-04T14:23:57
DEEDEV,INE841L01016,2025-09-04,NSE,EQ,EQ,buy,False,1.0,272.0,207894175,1100000064387834,2025-09-04T14:23:57
DEEDEV,INE841L01016,2025-09-04,NSE,EQ,EQ,buy,False,1.0,272.0,207893312,1100000064387834,2025-09-04T14:23:57
SONACOMS,INE073K01018,2025-09-05,NSE,EQ,EQ,buy,False,1.0,441.55,600094093,1300000000764699,2025-09-05T09:15:53
INDUSTOWER,INE121J01017,2025-09-05,NSE,EQ,EQ,buy,False,5.0,326.85,200105001,1100000000839091,2025-09-05T09:15:56
LODHA,INE670K01029,2025-09-05,NSE,EQ,EQ,buy,False,2.0,1202.5,400132058,1200000000965078,2025-09-05T09:16:15
M&MFIN,INE774D01024,2025-09-05,BSE,EQ,A,sell,False,17.0,264.8,125900,1757043000023065263,2025-09-05T09:20:01
M&MFIN,INE774D01024,2025-09-05,BSE,EQ,A,sell,False,22.0,264.75,126100,1757043000023065263,2025-09-05T09:20:01
BODALCHEM,INE338D01028,2025-09-05,NSE,EQ,EQ,buy,False,4.0,65.0,336793,1000000003203631,2025-09-05T09:23:28
ITC,INE154A01025,2025-09-05,NSE,EQ,EQ,sell,False,15.0,410.0,200456497,1100000004084146,2025-09-05T09:24:12
HCLTECH,INE860A01027,2025-09-05,NSE,EQ,EQ,buy,False,7.0,1410.0,201977325,1100000017083498,2025-09-05T10:16:19
VBL,INE200M01039,2025-09-05,NSE,EQ,EQ,buy,False,21.0,473.0,604140827,1300000038225433,2025-09-05T12:34:05
DATAPATTNS,INE0IX101010,2025-09-05,NSE,EQ,EQ,buy,False,1.0,2508.8,205701301,1100000050041508,2025-09-05T13:37:40
KITEX,INE602G01020,2025-09-05,BSE,EQ,B,sell,False,10.0,186.15,3768500,1757050872054865184,2025-09-05T14:33:15
KITEX,INE602G01020,2025-09-05,BSE,EQ,B,sell,False,45.0,186.1,3768800,1757050872054865184,2025-09-05T14:33:15
DEEDEV,INE841L01016,2025-09-08,BSE,EQ,B,sell,False,36.0,277.45,390300,1757302200050041180,2025-09-08T09:15:56
COALINDIA,INE522F01014,2025-09-08,BSE,EQ,A,sell,False,25.0,393.05,237700,1757302200087097766,2025-09-08T09:16:42
WIPRO,INE075A01022,2025-09-08,BSE,EQ,A,sell,False,40.0,246.2,397900,1757302200084160562,2025-09-08T09:17:31
VBL,INE200M01039,2025-09-08,BSE,EQ,A,sell,False,21.0,471.6,553900,1757302200081169373,2025-09-08T09:17:46
HCLTECH,INE860A01027,2025-09-08,BSE,EQ,A,sell,False,5.0,1421.0,1336900,1757302200081376349,2025-09-08T09:18:31
INDUSTOWER,INE121J01017,2025-09-08,NSE,EQ,EQ,sell,False,20.0,336.45,200341670,1100000002345760,2025-09-08T09:19:03
LODHA,INE670K01029,2025-09-08,BSE,EQ,A,buy,False,2.0,1181.55,879000,1757302200081243870,2025-09-08T09:20:47
BAJAJHFL,INE377Y01014,2025-09-08,BSE,EQ,A,buy,False,10.0,113.0,730800,1757302200084379690,2025-09-08T09:25:13
STERTOOLS,INE334A01023,2025-09-08,NSE,EQ,EQ,sell,False,35.0,336.75,602827303,1300000022344759,2025-09-08T10:44:16
ONGC,INE213A01029,2025-09-08,BSE,EQ,A,sell,False,19.0,232.4,4497000,1757310287445283277,2025-09-08T11:34:38
ONGC,INE213A01029,2025-09-08,BSE,EQ,A,sell,False,1.0,232.45,4496600,1757310287445283277,2025-09-08T11:34:38
LEHAR-X,INE976H01018,2025-09-08,BSE,EQ,X,buy,False,36.0,270.0,4667800,1757302200001035396,2025-09-08T11:36:38
ZAGGLE,INE07K301024,2025-09-08,NSE,EQ,EQ,buy,False,26.0,375.0,606924820,1300000030268610,2025-09-08T11:37:50
JSWENERGY,INE121E01018,2025-09-08,NSE,EQ,EQ,sell,False,10.0,514.9,203768706,1100000031770847,2025-09-08T11:47:07
FIVESTAR,INE128S01021,2025-09-08,NSE,EQ,EQ,buy,False,11.0,539.1,205001591,1100000042031367,2025-09-08T13:01:36
INFY,INE009A01021,2025-09-09,NSE,EQ,EQ,sell,False,2.0,1475.7,200143021,1100000000898585,2025-09-09T09:15:48
PERSISTENT,INE262H01021,2025-09-09,BSE,EQ,A,sell,False,1.0,5100.0,1492900,1757388600013111679,2025-09-09T09:17:01
SONACOMS,INE073K01018,2025-09-09,BSE,EQ,A,sell,False,23.0,454.4,527100,1757388600006193660,2025-09-09T09:19:17
DATAPATTNS,INE0IX101010,2025-09-09,BSE,EQ,A,sell,False,1.0,2564.05,669300,1757388600054405588,2025-09-09T09:30:30
AWFIS,INE108V01019,2025-09-10,NSE,EQ,EQ,buy,False,11.0,570.0,42392,1000000000297329,2025-09-10T09:15:08
LODHA,INE670K01029,2025-09-10,NSE,EQ,EQ,buy,False,6.0,1180.0,400057232,1200000000405864,2025-09-10T09:15:12
KPL,INE552U01010,2025-09-10,BSE,EQ,B,sell,False,5.0,942.05,173500,1757475000020046083,2025-09-10T09:16:15
GAEL,INE036B01030,2025-09-10,BSE,EQ,A,sell,False,29.0,105.9,369800,1757475000157011768,2025-09-10T09:18:27
GAEL,INE036B01030,2025-09-10,BSE,EQ,A,sell,False,1.0,106.0,369600,1757475000157011768,2025-09-10T09:18:27
CENTRALBK,INE483A01010,2025-09-10,BSE,EQ,A,sell,False,150.0,35.85,501000,1757475000157220998,2025-09-10T09:20:21
INFY,INE009A01021,2025-09-10,BSE,EQ,A,sell,False,2.0,1521.5,1059500,1757475000031136513,2025-09-10T09:21:11
POLYPLEX,INE633B01018,2025-09-10,BSE,EQ,B,buy,False,1.0,1032.25,841400,1757475000059303898,2025-09-10T09:22:53
POLYPLEX,INE633B01018,2025-09-10,BSE,EQ,B,buy,False,1.0,1032.2,841200,1757475000059303898,2025-09-10T09:22:53
CENTRALBK,INE483A01010,2025-09-10,NSE,EQ,EQ,buy,False,3.0,35.94,521427,1000000003749259,2025-09-10T09:23:36
CENTRALBK,INE483A01010,2025-09-10,NSE,EQ,EQ,buy,False,1.0,35.94,521426,1000000003749259,2025-09-10T09:23:36
ITDC,INE353K01014,2025-09-10,NSE,EQ,EQ,sell,False,4.0,690.15,201031780,1100000007402155,2025-09-10T09:33:24
ITDC,INE353K01014,2025-09-10,NSE,EQ,EQ,sell,False,7.0,690.1,201031782,1100000007402155,2025-09-10T09:33:24
ITDC,INE353K01014,2025-09-10,NSE,EQ,EQ,sell,False,17.0,690.15,201031781,1100000007402155,2025-09-10T09:33:24
ITDC,INE353K01014,2025-09-10,NSE,EQ,EQ,sell,False,12.0,690.1,201031783,1100000007402155,2025-09-10T09:33:24
JINDALSAW,INE324A01032,2025-09-10,NSE,EQ,EQ,buy,False,2.0,204.9,201265734,1100000008997952,2025-09-10T09:39:32
CMSINFO,INE925R01014,2025-09-10,NSE,EQ,EQ,buy,False,2.0,423.85,2650824,1000000021647355,2025-09-10T11:03:48
TATATECH,INE142M01025,2025-09-10,BSE,EQ,A,sell,False,5.0,709.7,4442200,1757480362771903153,2025-09-10T11:11:31
STERTOOLS,INE334A01023,2025-09-10,NSE,EQ,EQ,sell,False,43.0,338.0,607213831,1300000056703292,2025-09-10T14:30:13
LEHAR-X,INE976H01018,2025-09-10,BSE,EQ,X,buy,False,1.0,270.5,8317600,1757475000001097397,2025-09-10T15:08:05
PERSISTENT,INE262H01021,2025-09-11,BSE,EQ,A,sell,False,2.0,5355.5,254000,1757561400011143623,2025-09-11T09:19:04
DATAPATTNS,INE0IX101010,2025-09-11,NSE,EQ,EQ,sell,False,5.0,2630.0,200959453,1100000006897554,2025-09-11T09:30:44
ONGC,INE213A01029,2025-09-11,NSE,EQ,EQ,buy,False,21.0,234.68,401129971,1200000009805640,2025-09-11T09:40:37
BAJAJHFL,INE377Y01014,2025-09-11,BSE,EQ,A,buy,False,10.0,112.8,1486700,1757561400022818461,2025-09-11T09:43:55
SONACOMS,INE073K01018,2025-09-11,NSE,EQ,EQ,buy,False,20.0,438.2,604608113,1300000040795285,2025-09-11T12:51:55
YUKEN,INE384C01016,2025-09-11,NSE,EQ,EQ,buy,False,10.0,990.0,604875736,1300000043163916,2025-09-11T13:05:29
KPL,INE552U01010,2025-09-11,BSE,EQ,B,buy,False,5.0,950.0,5491200,1757561400000035979,2025-09-11T13:09:53
BMW,INE374E01021,2025-09-11,BSE,EQ,B,buy,False,1.0,48.0,8091300,1757561400000338670,2025-09-11T15:28:23
BMW,INE374E01021,2025-09-11,BSE,EQ,B,buy,False,205.0,48.0,8155100,1757561400000338670,2025-09-11T15:28:23
BMW,INE374E01021,2025-09-11,BSE,EQ,B,buy,False,2.0,48.0,8096500,1757561400000338670,2025-09-11T15:28:23
STERTOOLS,INE334A01023,2025-09-12,NSE,EQ,EQ,buy,False,28.0,337.9,600193845,1300000001327526,2025-09-12T09:16:36
LODHA,INE670K01029,2025-09-12,NSE,EQ,EQ,sell,False,3.0,1196.4,400277826,1200000002254197,2025-09-12T09:19:06
GAEL,INE036B01030,2025-09-12,BSE,EQ,A,sell,False,120.0,111.3,343600,1757647800195227564,2025-09-12T09:21:29
VBL,INE200M01039,2025-09-12,NSE,EQ,EQ,buy,False,21.0,470.0,602858215,1300000024478854,2025-09-12T11:04:23
STERTOOLS,INE334A01023,2025-09-12,NSE,EQ,EQ,sell,False,1.0,330.05,606880339,1300000055863138,2025-09-12T15:20:42
STERTOOLS,INE334A01023,2025-09-12,NSE,EQ,EQ,sell,False,14.0,330.1,606880337,1300000055863138,2025-09-12T15:20:42
STERTOOLS,INE334A01023,2025-09-12,NSE,EQ,EQ,sell,False,12.0,330.05,606880340,1300000055863138,2025-09-12T15:20:42
STERTOOLS,INE334A01023,2025-09-12,NSE,EQ,EQ,sell,False,1.0,330.05,606880338,1300000055863138,2025-09-12T15:20:42
COALINDIA,INE522F01014,2025-09-15,NSE,EQ,EQ,sell,False,33.0,398.0,1263540,1000000010836280,2025-09-15T09:50:57
TCS,INE467B01029,2025-09-15,BSE,EQ,A,sell,False,3.0,3116.7,2744100,1757909663047133524,2025-09-15T09:51:23
JINDALSAW,INE324A01032,2025-09-15,BSE,EQ,A,sell,False,20.0,210.5,4101600,1757908823801626313,2025-09-15T09:53:44
JSWENERGY,INE121E01018,2025-09-15,BSE,EQ,A,sell,False,28.0,529.45,2910200,1757909075711718642,2025-09-15T10:01:16
POLYPLEX,INE633B01018,2025-09-15,BSE,EQ,B,buy,False,1.0,1019.05,4138300,1757909130057644340,2025-09-15T10:06:57
POLYPLEX,INE633B01018,2025-09-15,BSE,EQ,B,buy,False,1.0,1019.1,4138500,1757909130057644340,2025-09-15T10:06:57
SONACOMS,INE073K01018,2025-09-15,NSE,EQ,EQ,buy,False,2.0,434.4,602524235,1300000019859104,2025-09-15T10:32:01
LODHA,INE670K01029,2025-09-15,NSE,EQ,EQ,buy,False,3.0,1179.3,402934515,1200000027866807,2025-09-15T11:37:29
INDUSTOWER,INE121J01017,2025-09-15,NSE,EQ,EQ,sell,False,43.0,362.0,206478116,1100000055574036,2025-09-15T13:39:44
CAMPUS,INE278Y01022,2025-09-16,NSE,EQ,EQ,buy,False,37.0,269.55,176712,1000000001273785,2025-09-16T09:16:50
LODHA,INE670K01029,2025-09-16,NSE,EQ,EQ,sell,False,3.0,1200.0,405080884,1200000003917730,2025-09-16T09:23:05
ZAGGLE,INE07K301024,2025-09-16,BSE,EQ,A,buy,False,15.0,360.0,1169700,1757993400055441505,2025-09-16T09:27:16
MGL,INE002S01010,2025-09-16,BSE,EQ,A,sell,False,4.0,1349.15,2898500,1757997464238591557,2025-09-16T10:32:20
LUXIND,INE150G01020,2025-09-16,BSE,EQ,B,sell,False,2.0,1340.0,14349500,1758004631021575451,2025-09-16T12:47:16
LUXIND,INE150G01020,2025-09-16,BSE,EQ,B,sell,False,1.0,1340.0,14343600,1758004631021575451,2025-09-16T12:47:16
EPIGRAL,INE071N01016,2025-09-17,NSE,EQ,EQ,buy,False,5.0,1785.4,201104359,1100000005756792,2025-09-17T09:28:00
NAHARINDUS-T,INE289A01011,2025-09-17,BSE,EQ,T,sell,False,40.0,118.0,827200,1758079800000034031,2025-09-17T09:31:28
LUXIND,INE150G01020,2025-09-17,NSE,EQ,EQ,buy,False,2.0,1355.8,401813828,1200000014839058,2025-09-17T10:00:27
ITC,INE154A01025,2025-09-17,BSE,EQ,A,sell,False,36.0,411.0,1847200,1758083138716216493,2025-09-17T10:10:37
POLYPLEX,INE633B01018,2025-09-17,BSE,EQ,B,sell,False,1.0,1058.45,7133300,1758093677842879884,2025-09-17T13:53:34
POLYPLEX,INE633B01018,2025-09-17,BSE,EQ,B,sell,False,1.0,1058.5,7133100,1758093677842879884,2025-09-17T13:53:34
LUXIND,INE150G01020,2025-09-18,BSE,EQ,B,sell,False,4.0,1405.05,5835900,1758170100078612020,2025-09-18T10:23:13
CENTRALBK,INE483A01010,2025-09-18,NSE,EQ,EQ,sell,False,300.0,37.6,3388645,1000000029096804,2025-09-18T12:43:45
HCLTECH,INE860A01027,2025-09-19,NSE,EQ,EQ,sell,False,1.0,1480.0,200874160,1100000005928298,2025-09-19T09:32:24
HCLTECH,INE860A01027,2025-09-19,NSE,EQ,EQ,sell,False,1.0,1480.0,200873252,1100000005928298,2025-09-19T09:32:24
HCLTECH,INE860A01027,2025-09-19,NSE,EQ,EQ,sell,False,3.0,1480.0,200874257,1100000005928298,2025-09-19T09:32:24
HCLTECH,INE860A01027,2025-09-19,NSE,EQ,EQ,sell,False,3.0,1480.0,200866574,1100000005928298,2025-09-19T09:32:24
KPL,INE552U01010,2025-09-19,BSE,EQ,B,sell,False,4.0,970.0,2363800,1758252600001014265,2025-09-19T09:38:40
