symbol,isin,trade_date,exchange,segment,series,trade_type,auction,quantity,price,trade_id,order_id,order_execution_time
NOCIL,INE163A01018,9/20/2024,BSE,EQ,A,buy,False,10,278.95,177900,1.7268e+18,2024-09-20T09:20:10
BEL,INE263A01024,9/20/2024,BSE,EQ,A,buy,False,10,274.75,542900,1.7268e+18,2024-09-20T09:20:30
PNCINFRA,INE195J01029,9/20/2024,NSE,EQ,EQ,buy,False,10,439.25,400530282,1200000000000000.0,2024-09-20T09:20:50
AZAD,INE02IJ01035,9/20/2024,NSE,EQ,EQ,buy,False,2,1474.95,472099,1000000000000000.0,2024-09-20T09:21:27
M&MFIN,INE774D01024,9/20/2024,BSE,EQ,A,buy,False,10,324.6,351400,1.7268e+18,2024-09-20T09:22:26
YUKEN,INE384C01016,9/20/2024,NSE,EQ,EQ,buy,False,2,1229.9,600625277,1300000000000000.0,2024-09-20T09:23:25
AARTIIND,INE769A01020,9/20/2024,BSE,EQ,A,buy,False,5,572.2,947200,1.7268e+18,2024-09-20T09:25:25
TATACHEM,INE092A01019,9/20/2024,NSE,EQ,EQ,sell,False,4,1019.35,600951471,1300000000000000.0,2024-09-20T09:29:36
TATACHEM,INE092A01019,9/20/2024,NSE,EQ,EQ,sell,False,1,1019.35,600951470,1300000000000000.0,2024-09-20T09:29:36
PETRONET,INE347G01014,9/20/2024,NSE,EQ,EQ,buy,False,10,323.9,401104608,1200000000000000.0,2024-09-20T09:30:41
SOUTHBANK,INE683A01023,9/20/2024,NSE,EQ,EQ,buy,False,50,24.66,601053501,1300000000000000.0,2024-09-20T09:31:36
63MOONS,INE111B01023,9/20/2024,NSE,EQ,EQ,buy,False,1,383.0,1102091,1000000000000000.0,2024-09-20T09:34:49
63MOONS,INE111B01023,9/20/2024,NSE,EQ,EQ,buy,False,4,383.0,1100502,1000000000000000.0,2024-09-20T09:34:49
63MOONS,INE111B01023,9/20/2024,NSE,EQ,EQ,buy,False,6,383.0,1099117,1000000000000000.0,2024-09-20T09:34:49
63MOONS,INE111B01023,9/20/2024,NSE,EQ,EQ,buy,False,1,383.0,1160639,1000000000000000.0,2024-09-20T09:34:49
63MOONS,INE111B01023,9/20/2024,NSE,EQ,EQ,buy,False,2,383.0,1103790,1000000000000000.0,2024-09-20T09:34:49
63MOONS,INE111B01023,9/20/2024,NSE,EQ,EQ,buy,False,16,383.0,1186831,1000000000000000.0,2024-09-20T09:34:49
HAPPSTMNDS,INE419U01012,9/20/2024,NSE,EQ,EQ,buy,False,3,790.75,202873464,1100000000000000.0,2024-09-20T10:12:56
HAPPSTMNDS,INE419U01012,9/20/2024,NSE,EQ,EQ,buy,False,2,790.75,202873463,1100000000000000.0,2024-09-20T10:12:56
BDL,INE171Z01026,9/23/2024,BSE,EQ,A,buy,False,2,1174.45,7079300,1.72706e+18,2024-09-23T09:15:44
TATASTEEL,INE081A01020,9/23/2024,BSE,EQ,A,sell,False,20,153.4,1402800,1.72706e+18,2024-09-23T09:16:45
TIINDIA,INE974X01010,9/23/2024,BSE,EQ,A,sell,False,4,4241.3,268000,1.72706e+18,2024-09-23T09:17:34
ITDC,INE353K01014,9/23/2024,NSE,EQ,EQ,sell,False,10,702.6,200515885,1100000000000000.0,2024-09-23T09:19:35
PNCINFRA,INE195J01029,9/23/2024,BSE,EQ,A,buy,False,5,437.95,860300,1.72706e+18,2024-09-23T09:31:15
IRFC,INE053F01010,9/23/2024,NSE,EQ,EQ,sell,False,20,160.0,201776706,1100000000000000.0,2024-09-23T09:38:57
63MOONS,INE111B01023,9/23/2024,NSE,EQ,EQ,sell,False,1,403.3,1344870,1000000000000000.0,2024-09-23T09:39:33
63MOONS,INE111B01023,9/23/2024,NSE,EQ,EQ,sell,False,7,403.3,1344868,1000000000000000.0,2024-09-23T09:39:33
63MOONS,INE111B01023,9/23/2024,NSE,EQ,EQ,sell,False,22,403.3,1344869,1000000000000000.0,2024-09-23T09:39:33
AARTIIND,INE769A01020,9/23/2024,NSE,EQ,EQ,buy,False,5,573.35,1359302,1000000000000000.0,2024-09-23T09:39:57
ZENSARTECH,INE520A01027,9/23/2024,BSE,EQ,A,buy,False,1,726.45,1277000,1.72706e+18,2024-09-23T09:41:41
ZENSARTECH,INE520A01027,9/23/2024,BSE,EQ,A,buy,False,4,726.4,1276800,1.72706e+18,2024-09-23T09:41:41
BPCL,INE029A01011,9/23/2024,BSE,EQ,A,sell,False,10,334.6,1569100,1.72706e+18,2024-09-23T09:42:33
ITDC,INE353K01014,9/23/2024,NSE,EQ,EQ,sell,False,10,720.0,203357693,1100000000000000.0,2024-09-23T10:29:34
BEL,INE263A01024,9/23/2024,BSE,EQ,A,sell,False,20,285.0,6708700,1.72707e+18,2024-09-23T10:30:19
PETRONET,INE347G01014,9/23/2024,NSE,EQ,EQ,buy,False,5,330.9,403364594,1200000000000000.0,2024-09-23T10:31:02
SOUTHBANK,INE683A01023,9/23/2024,BSE,EQ,A,sell,False,100,25.27,6781500,1.72707e+18,2024-09-23T12:43:42
NOCIL,INE163A01018,9/23/2024,BSE,EQ,A,buy,False,10,272.95,2819700,1.72708e+18,2024-09-23T14:51:25
YUKEN,INE384C01016,9/23/2024,BSE,EQ,B,buy,False,2,1208.95,33042000,1.72708e+18,2024-09-23T14:52:21
PNCINFRA,INE195J01029,9/24/2024,BSE,EQ,A,buy,False,5,436.05,1270400,1.72715e+18,2024-09-24T10:10:27
AARTIIND,INE769A01020,9/24/2024,BSE,EQ,A,buy,False,5,577.85,2300200,1.72715e+18,2024-09-24T10:11:08
NATIONALUM,INE139A01034,9/24/2024,BSE,EQ,A,sell,False,110,189.35,2022700,1.72715e+18,2024-09-24T10:13:27
AARTIIND,INE769A01020,9/24/2024,NSE,EQ,EQ,buy,False,5,579.95,2705046,1000000000000000.0,2024-09-24T10:42:42
AZAD,INE02IJ01035,9/24/2024,BSE,EQ,B,sell,False,4,1503.05,2582100,1.72715e+18,2024-09-24T11:20:45
ZENSARTECH,INE520A01027,9/25/2024,BSE,EQ,A,buy,False,5,707.9,77000,1.72724e+18,2024-09-25T09:15:33
LODHA,INE670K01029,9/25/2024,NSE,EQ,EQ,sell,False,6,1325.55,400190123,1200000000000000.0,2024-09-25T09:16:07
LODHA,INE670K01029,9/25/2024,NSE,EQ,EQ,sell,False,4,1325.55,400190122,1200000000000000.0,2024-09-25T09:16:07
YUKEN,INE384C01016,9/25/2024,NSE,EQ,EQ,buy,False,3,1209.95,600317286,1300000000000000.0,2024-09-25T09:17:47
IRCTC,INE335Y01020,9/25/2024,NSE,EQ,EQ,buy,False,5,909.2,200732022,1100000000000000.0,2024-09-25T09:25:15
AZAD,INE02IJ01035,9/25/2024,NSE,EQ,EQ,buy,False,3,1485.0,1060340,1000000000000000.0,2024-09-25T09:28:58
PRICOLLTD,INE726V01018,9/25/2024,NSE,EQ,EQ,buy,False,20,480.0,402629888,1200000000000000.0,2024-09-25T10:06:22
AARTIIND,INE769A01020,9/25/2024,NSE,EQ,EQ,sell,False,10,580.0,1766212,1000000000000000.0,2024-09-25T10:06:48
SBIN,INE062A01020,9/25/2024,BSE,EQ,A,sell,False,10,790.0,1892100,1.72724e+18,2024-09-25T10:39:43
PNCINFRA,INE195J01029,9/25/2024,BSE,EQ,A,sell,False,4,444.4,2949000,1.72724e+18,2024-09-25T11:25:17
PNCINFRA,INE195J01029,9/25/2024,BSE,EQ,A,sell,False,6,444.35,2949300,1.72724e+18,2024-09-25T11:25:17
ITDC,INE353K01014,9/25/2024,BSE,EQ,B,buy,False,5,686.95,22040300,1.72724e+18,2024-09-25T11:25:52
SBIN,INE062A01020,9/25/2024,NSE,EQ,EQ,sell,False,5,790.0,605752404,1300000000000000.0,2024-09-25T12:39:09
FEDERALBNK,INE171A01029,9/25/2024,NSE,EQ,EQ,sell,False,70,193.21,208304027,1100000000000000.0,2024-09-25T14:28:25
NOCIL,INE163A01018,9/25/2024,NSE,EQ,EQ,sell,False,20,284.65,410311580,1200000000000000.0,2024-09-25T15:26:53
YUKEN,INE384C01016,9/26/2024,BSE,EQ,B,buy,False,1,1179.9,15702600,1.72733e+18,2024-09-26T10:59:58
PRICOLLTD,INE726V01018,9/26/2024,NSE,EQ,EQ,buy,False,1,474.65,403705126,1200000000000000.0,2024-09-26T11:01:12
PRICOLLTD,INE726V01018,9/26/2024,NSE,EQ,EQ,buy,False,9,474.65,403705127,1200000000000000.0,2024-09-26T11:01:12
PRICOLLTD,INE726V01018,9/26/2024,NSE,EQ,EQ,buy,False,10,470.0,406173604,1200000000000000.0,2024-09-26T11:01:34
SPLIL,INE978G01016,9/26/2024,NSE,EQ,EQ,sell,False,58,60.66,604057103,1300000000000000.0,2024-09-26T11:16:35
SPLIL,INE978G01016,9/26/2024,NSE,EQ,EQ,sell,False,39,60.67,604057102,1300000000000000.0,2024-09-26T11:16:35
SPLIL,INE978G01016,9/26/2024,NSE,EQ,EQ,sell,False,3,60.68,604057101,1300000000000000.0,2024-09-26T11:16:35
IRFC,INE053F01010,9/26/2024,NSE,EQ,EQ,buy,False,10,157.89,203911053,1100000000000000.0,2024-09-26T11:17:02
LICHSGFIN,INE115A01026,9/26/2024,NSE,EQ,EQ,buy,False,5,663.8,404083335,1200000000000000.0,2024-09-26T11:18:45
PFC,INE134E01011,9/26/2024,NSE,EQ,EQ,buy,False,2,479.6,404101139,1200000000000000.0,2024-09-26T11:19:32
PFC,INE134E01011,9/26/2024,NSE,EQ,EQ,buy,False,8,479.6,404101138,1200000000000000.0,2024-09-26T11:19:32
ITDC,INE353K01014,9/26/2024,NSE,EQ,EQ,buy,False,5,678.15,204020532,1100000000000000.0,2024-09-26T11:22:25
ZENSARTECH,INE520A01027,9/27/2024,NSE,EQ,EQ,buy,False,4,688.95,602725035,1300000000000000.0,2024-09-27T10:09:56
ZENSARTECH,INE520A01027,9/27/2024,NSE,EQ,EQ,buy,False,1,688.95,602725034,1300000000000000.0,2024-09-27T10:09:56
YUKEN,INE384C01016,9/27/2024,BSE,EQ,B,buy,False,1,1199.95,14515100,1.72741e+18,2024-09-27T10:27:09
TPHQ-BE,INE065J01024,9/27/2024,NSE,EQ,BE,buy,False,1000,1.35,205426155,1100000000000000.0,2024-09-27T10:27:44
AZAD,INE02IJ01035,9/27/2024,NSE,EQ,EQ,buy,False,2,1485.0,2787355,1000000000000000.0,2024-09-27T10:28:48
BDL,INE171Z01026,9/27/2024,BSE,EQ,A,buy,False,1,1128.95,57403200,1.72741e+18,2024-09-27T10:29:35
NOCIL,INE163A01018,9/27/2024,NSE,EQ,EQ,sell,False,20,292.1,403339216,1200000000000000.0,2024-09-27T10:35:08
YUKEN,INE384C01016,9/27/2024,BSE,EQ,B,buy,False,1,1198.1,15702900,1.72741e+18,2024-09-27T10:39:19
NH,INE410P01011,9/27/2024,NSE,EQ,EQ,buy,False,10,1220.0,404895035,1200000000000000.0,2024-09-27T11:33:21
HAPPSTMNDS,INE419U01012,9/27/2024,NSE,EQ,EQ,sell,False,10,810.0,208012364,1100000000000000.0,2024-09-27T11:57:55
NOCIL,INE163A01018,9/27/2024,NSE,EQ,EQ,sell,False,2,288.0,407237165,1200000000000000.0,2024-09-27T13:27:22
NOCIL,INE163A01018,9/27/2024,NSE,EQ,EQ,sell,False,18,288.0,407237164,1200000000000000.0,2024-09-27T13:27:22
63MOONS,INE111B01023,9/27/2024,NSE,EQ,EQ,buy,False,10,380.0,5295307,1000000000000000.0,2024-09-27T13:56:02
PNCINFRA,INE195J01029,9/27/2024,NSE,EQ,EQ,buy,False,5,435.8,408781296,1200000000000000.0,2024-09-27T14:37:46
PRICOLLTD,INE726V01018,9/27/2024,BSE,EQ,A,buy,False,5,473.95,150083500,1.72743e+18,2024-09-27T14:41:39
NH,INE410P01011,9/27/2024,NSE,EQ,EQ,buy,False,2,1207.5,409365816,1200000000000000.0,2024-09-27T14:58:29
LODHA,INE670K01029,9/30/2024,NSE,EQ,EQ,sell,False,13,1285.0,400064740,1200000000000000.0,2024-09-30T09:15:02
NH,INE410P01011,9/30/2024,BSE,EQ,A,buy,False,2,1210.0,176900,1.72767e+18,2024-09-30T09:15:05
AZAD,INE02IJ01035,9/30/2024,NSE,EQ,EQ,buy,False,2,1480.5,230707,1000000000000000.0,2024-09-30T09:17:01
63MOONS,INE111B01023,9/30/2024,BSE,EQ,B,buy,False,1,379.35,2311800,1.72767e+18,2024-09-30T09:17:39
63MOONS,INE111B01023,9/30/2024,BSE,EQ,B,buy,False,9,379.3,2311600,1.72767e+18,2024-09-30T09:17:39
KSCL,INE455I01029,9/30/2024,NSE,EQ,EQ,buy,False,2,1000.0,400504388,1200000000000000.0,2024-09-30T09:18:37
KSCL,INE455I01029,9/30/2024,NSE,EQ,EQ,buy,False,8,1000.0,400472483,1200000000000000.0,2024-09-30T09:18:37
AARTIIND,INE769A01020,9/30/2024,NSE,EQ,EQ,buy,False,5,587.0,530242,1000000000000000.0,2024-09-30T09:22:48
HERANBA,INE694N01015,9/30/2024,NSE,EQ,EQ,buy,False,20,475.0,200785938,1100000000000000.0,2024-09-30T09:25:14
TATAINVEST,INE672A01018,9/30/2024,BSE,EQ,A,sell,False,2,6786.75,25519100,1.72767e+18,2024-09-30T09:25:58
TATAINVEST,INE672A01018,9/30/2024,BSE,EQ,A,sell,False,1,6785.05,25519300,1.72767e+18,2024-09-30T09:25:58
ITDC,INE353K01014,9/30/2024,NSE,EQ,EQ,buy,False,3,681.1,201521087,1100000000000000.0,2024-09-30T09:40:58
ITDC,INE353K01014,9/30/2024,NSE,EQ,EQ,buy,False,1,680.65,201521085,1100000000000000.0,2024-09-30T09:40:58
ITDC,INE353K01014,9/30/2024,NSE,EQ,EQ,buy,False,1,681.05,201521086,1100000000000000.0,2024-09-30T09:40:58
BEL,INE263A01024,9/30/2024,NSE,EQ,EQ,sell,False,3,285.0,2553980,1000000000000000.0,2024-09-30T10:33:15
BEL,INE263A01024,9/30/2024,NSE,EQ,EQ,sell,False,8,285.0,2553979,1000000000000000.0,2024-09-30T10:33:15
BEL,INE263A01024,9/30/2024,NSE,EQ,EQ,sell,False,9,285.0,2553978,1000000000000000.0,2024-09-30T10:33:15
LOKESHMACH,INE397H01017,9/30/2024,BSE,EQ,B,buy,False,5,369.9,26914300,1.72767e+18,2024-09-30T11:16:37
IRFC,INE053F01010,9/30/2024,NSE,EQ,EQ,buy,False,10,157.2,204674619,1100000000000000.0,2024-09-30T11:59:42
LICHSGFIN,INE115A01026,9/30/2024,BSE,EQ,A,buy,False,5,665.25,3931100,1.72768e+18,2024-09-30T14:19:10
LODHA,INE670K01029,9/30/2024,NSE,EQ,EQ,buy,False,13,1236.5,408740277,1200000000000000.0,2024-09-30T14:27:15
HAPPSTMNDS,INE419U01012,9/30/2024,NSE,EQ,EQ,sell,False,4,811.05,208666729,1100000000000000.0,2024-09-30T15:04:08
HAPPSTMNDS,INE419U01012,9/30/2024,NSE,EQ,EQ,sell,False,1,811.05,208666728,1100000000000000.0,2024-09-30T15:04:08
YUKEN,INE384C01016,9/30/2024,NSE,EQ,EQ,sell,False,3,1190.0,610087456,1300000000000000.0,2024-09-30T15:04:46
YUKEN,INE384C01016,9/30/2024,NSE,EQ,EQ,sell,False,2,1190.05,610087455,1300000000000000.0,2024-09-30T15:04:46
ZENSARTECH,INE520A01027,10/1/2024,NSE,EQ,EQ,buy,False,1,680.95,600270170,1300000000000000.0,2024-10-01T09:17:20
ZENSARTECH,INE520A01027,10/1/2024,NSE,EQ,EQ,buy,False,4,680.9,600270169,1300000000000000.0,2024-10-01T09:17:20
PRICOLLTD,INE726V01018,10/1/2024,NSE,EQ,EQ,buy,False,5,474.8,400386324,1200000000000000.0,2024-10-01T09:18:46
AZAD,INE02IJ01035,10/1/2024,BSE,EQ,B,buy,False,2,1455.8,189500,1.72775e+18,2024-10-01T09:19:29
YUKEN,INE384C01016,10/1/2024,BSE,EQ,B,buy,False,3,1202.2,7997400,1.72776e+18,2024-10-01T09:53:08
VSSL,INE050M01012,10/1/2024,BSE,EQ,B,sell,False,30,308.0,10259700,1.72776e+18,2024-10-01T10:12:06
VSSL,INE050M01012,10/1/2024,NSE,EQ,EQ,sell,False,30,305.0,602386919,1300000000000000.0,2024-10-01T10:13:16
PFC,INE134E01011,10/1/2024,BSE,EQ,A,sell,False,40,498.0,2698800,1.72776e+18,2024-10-01T10:18:49
M&MFIN,INE774D01024,10/1/2024,BSE,EQ,A,sell,False,10,330.0,2740600,1.72776e+18,2024-10-01T10:20:21
LOKESHMACH,INE397H01017,10/1/2024,NSE,EQ,EQ,buy,False,5,359.35,403859545,1200000000000000.0,2024-10-01T11:09:37
KSCL,INE455I01029,10/1/2024,NSE,EQ,EQ,sell,False,5,985.0,407322949,1200000000000000.0,2024-10-01T11:11:18
IRFC,INE053F01010,10/1/2024,BSE,EQ,A,buy,False,10,156.1,101199800,1.72776e+18,2024-10-01T11:34:04
LODHA,INE670K01029,10/1/2024,NSE,EQ,EQ,buy,False,10,1215.0,408386077,1200000000000000.0,2024-10-01T14:26:42
NOCIL,INE163A01018,10/1/2024,BSE,EQ,A,sell,False,50,292.0,2859300,1.72777e+18,2024-10-01T14:39:18
TATAMOTORS,INE155A01022,10/3/2024,NSE,EQ,EQ,buy,False,11,941.0,600100278,1300000000000000.0,2024-10-03T09:15:02
TATAMOTORS,INE155A01022,10/3/2024,NSE,EQ,EQ,buy,False,1,941.8,600100280,1300000000000000.0,2024-10-03T09:15:02
TATAMOTORS,INE155A01022,10/3/2024,NSE,EQ,EQ,buy,False,3,941.35,600100279,1300000000000000.0,2024-10-03T09:15:02
BAJAJHFL,INE377Y01014,10/3/2024,NSE,EQ,EQ,buy,False,50,149.97,79971,1000000000000000.0,2024-10-03T09:15:09
63MOONS,INE111B01023,10/3/2024,NSE,EQ,EQ,sell,False,20,400.0,152488,1000000000000000.0,2024-10-03T09:15:23
LODHA,INE670K01029,10/3/2024,NSE,EQ,EQ,sell,False,5,1200.0,400342049,1200000000000000.0,2024-10-03T09:15:23
SASKEN,INE231F01020,10/3/2024,NSE,EQ,EQ,buy,False,7,1453.45,600249488,1300000000000000.0,2024-10-03T09:15:43
SASKEN,INE231F01020,10/3/2024,NSE,EQ,EQ,buy,False,1,1453.5,600249489,1300000000000000.0,2024-10-03T09:15:43
NH,INE410P01011,10/3/2024,BSE,EQ,A,sell,False,4,1220.0,184500,1.72793e+18,2024-10-03T09:15:51
YUKEN,INE384C01016,10/3/2024,BSE,EQ,B,buy,False,3,1183.9,3585500,1.72793e+18,2024-10-03T09:20:48
ITDC,INE353K01014,10/3/2024,BSE,EQ,B,buy,False,5,659.95,6467300,1.72793e+18,2024-10-03T09:26:21
PFC,INE134E01011,10/3/2024,BSE,EQ,A,buy,False,10,480.0,4135200,1.72793e+18,2024-10-03T11:26:22
POONAWALLA,INE511C01022,10/3/2024,NSE,EQ,EQ,sell,False,15,390.0,410291684,1200000000000000.0,2024-10-03T14:13:17
AARTIIND,INE769A01020,10/3/2024,BSE,EQ,A,buy,False,5,564.65,10193500,1.72795e+18,2024-10-03T14:47:38
PNCINFRA,INE195J01029,10/3/2024,BSE,EQ,A,buy,False,5,432.35,5721300,1.72795e+18,2024-10-03T14:49:48
VSSL,INE050M01012,10/4/2024,BSE,EQ,B,buy,False,10,290.0,5729300,1.72801e+18,2024-10-04T09:15:02
TATAMOTORS,INE155A01022,10/4/2024,BSE,EQ,A,buy,False,5,931.2,389900,1.72801e+18,2024-10-04T09:15:19
LODHA,INE670K01029,10/4/2024,NSE,EQ,EQ,buy,False,5,1163.75,400139641,1200000000000000.0,2024-10-04T09:15:47
NH,INE410P01011,10/4/2024,NSE,EQ,EQ,sell,False,5,1216.05,400281504,1200000000000000.0,2024-10-04T09:17:08
M&MFIN,INE774D01024,10/4/2024,NSE,EQ,EQ,buy,False,10,309.5,400344142,1200000000000000.0,2024-10-04T09:17:51
AZAD,INE02IJ01035,10/4/2024,BSE,EQ,B,buy,False,1,1411.4,143500,1.72801e+18,2024-10-04T09:18:20
AZAD,INE02IJ01035,10/4/2024,BSE,EQ,B,buy,False,2,1411.35,143300,1.72801e+18,2024-10-04T09:18:20
LICHSGFIN,INE115A01026,10/4/2024,BSE,EQ,A,buy,False,5,634.4,252700,1.72801e+18,2024-10-04T09:19:28
PFC,INE134E01011,10/4/2024,BSE,EQ,A,buy,False,10,463.8,644500,1.72801e+18,2024-10-04T09:21:17
BAJAJHFL,INE377Y01014,10/4/2024,BSE,EQ,B,buy,False,50,150.0,1883500,1.72801e+18,2024-10-04T09:22:30
PNCINFRA,INE195J01029,10/4/2024,BSE,EQ,A,buy,False,10,430.0,571000,1.72801e+18,2024-10-04T09:23:02
LOKESHMACH,INE397H01017,10/4/2024,NSE,EQ,EQ,sell,False,10,380.0,400845225,1200000000000000.0,2024-10-04T09:23:51
LOKESHMACH,INE397H01017,10/4/2024,NSE,EQ,EQ,sell,False,10,380.0,400845224,1200000000000000.0,2024-10-04T09:23:51
PRICOLLTD,INE726V01018,10/4/2024,NSE,EQ,EQ,buy,False,1,466.35,401002991,1200000000000000.0,2024-10-04T09:25:57
PRICOLLTD,INE726V01018,10/4/2024,NSE,EQ,EQ,buy,False,2,466.35,401002989,1200000000000000.0,2024-10-04T09:25:57
PRICOLLTD,INE726V01018,10/4/2024,NSE,EQ,EQ,buy,False,1,466.35,401002990,1200000000000000.0,2024-10-04T09:25:57
PRICOLLTD,INE726V01018,10/4/2024,NSE,EQ,EQ,buy,False,1,466.35,401002992,1200000000000000.0,2024-10-04T09:25:57
POONAWALLA,INE511C01022,10/4/2024,NSE,EQ,EQ,buy,False,1,386.4,402128514,1200000000000000.0,2024-10-04T09:42:25
POONAWALLA,INE511C01022,10/4/2024,NSE,EQ,EQ,buy,False,4,386.4,402128513,1200000000000000.0,2024-10-04T09:42:25
POONAWALLA,INE511C01022,10/4/2024,NSE,EQ,EQ,buy,False,5,386.4,402128512,1200000000000000.0,2024-10-04T09:42:25
SOUTHBANK,INE683A01023,10/4/2024,BSE,EQ,A,buy,False,500,24.07,12019900,1.72803e+18,2024-10-04T13:07:19
VSSL,INE050M01012,10/4/2024,BSE,EQ,B,buy,False,10,290.0,36138100,1.72803e+18,2024-10-04T13:08:16
BEL,INE263A01024,10/4/2024,NSE,EQ,EQ,buy,False,10,278.15,6046186,1000000000000000.0,2024-10-04T13:14:20
PETRONET,INE347G01014,10/4/2024,NSE,EQ,EQ,sell,False,35,357.0,411832739,1200000000000000.0,2024-10-04T15:24:40
LODHA,INE670K01029,10/7/2024,NSE,EQ,EQ,sell,False,4,1209.35,400751212,1200000000000000.0,2024-10-07T09:24:43
BAJAJHFL,INE377Y01014,10/7/2024,BSE,EQ,B,buy,False,10,147.15,1976900,1.72827e+18,2024-10-07T09:26:01
PFC,INE134E01011,10/7/2024,NSE,EQ,EQ,buy,False,9,465.8,400977143,1200000000000000.0,2024-10-07T09:29:04
PFC,INE134E01011,10/7/2024,NSE,EQ,EQ,buy,False,1,465.9,400977144,1200000000000000.0,2024-10-07T09:29:04
BBOX-T,INE676A01027,10/7/2024,BSE,EQ,T,buy,False,30,484.0,1552700,1.72827e+18,2024-10-07T09:33:16
HINDZINC,INE267A01025,10/7/2024,NSE,EQ,EQ,sell,False,20,507.5,202416515,1100000000000000.0,2024-10-07T10:01:09
TIINDIA,INE974X01010,10/7/2024,BSE,EQ,A,buy,False,1,3997.95,1643800,1.72828e+18,2024-10-07T10:32:30
TATAMOTORS,INE155A01022,10/7/2024,NSE,EQ,EQ,buy,False,5,928.0,603503963,1300000000000000.0,2024-10-07T10:36:28
TATATECH,INE142M01025,10/7/2024,NSE,EQ,EQ,buy,False,10,1030.0,603706164,1300000000000000.0,2024-10-07T10:40:42
PETRONET,INE347G01014,10/7/2024,BSE,EQ,A,sell,False,20,349.55,91092200,1.72828e+18,2024-10-07T10:43:05
TATASTEEL,INE081A01020,10/7/2024,NSE,EQ,EQ,sell,False,60,164.0,603952191,1300000000000000.0,2024-10-07T10:46:32
IRFC,INE053F01010,10/7/2024,NSE,EQ,EQ,buy,False,10,145.21,204448082,1100000000000000.0,2024-10-07T10:50:28
TATAINVEST,INE672A01018,10/7/2024,BSE,EQ,A,buy,False,1,6399.7,111809700,1.72828e+18,2024-10-07T11:02:33
TATAINVEST,INE672A01018,10/8/2024,NSE,EQ,EQ,sell,False,1,6402.0,600094096,1300000000000000.0,2024-10-08T09:15:23
TATASTEEL,INE081A01020,10/8/2024,NSE,EQ,EQ,sell,False,70,158.39,600178172,1300000000000000.0,2024-10-08T09:16:07
BAJAJHFL,INE377Y01014,10/8/2024,BSE,EQ,B,buy,False,10,131.85,854900,1.72836e+18,2024-10-08T09:16:43
BBOX,INE676A01027,10/8/2024,NSE,EQ,EQ,buy,False,5,459.95,191938,1000000000000000.0,2024-10-08T09:17:04
LODHA,INE670K01029,10/8/2024,NSE,EQ,EQ,buy,False,1,1172.0,400294482,1200000000000000.0,2024-10-08T09:17:26
LODHA,INE670K01029,10/8/2024,NSE,EQ,EQ,buy,False,1,1172.45,400294483,1200000000000000.0,2024-10-08T09:17:26
VSSL,INE050M01012,10/8/2024,NSE,EQ,EQ,buy,False,10,284.8,600358643,1300000000000000.0,2024-10-08T09:18:03
POONAWALLA,INE511C01022,10/8/2024,NSE,EQ,EQ,buy,False,5,375.75,400390569,1200000000000000.0,2024-10-08T09:18:31
ITDC,INE353K01014,10/8/2024,BSE,EQ,B,buy,False,1,631.95,1985700,1.72836e+18,2024-10-08T09:19:03
ITDC,INE353K01014,10/8/2024,BSE,EQ,B,buy,False,3,632.25,1985900,1.72836e+18,2024-10-08T09:19:03
ITDC,INE353K01014,10/8/2024,BSE,EQ,B,buy,False,1,631.75,1985500,1.72836e+18,2024-10-08T09:19:03
AZAD,INE02IJ01035,10/8/2024,NSE,EQ,EQ,buy,False,2,1334.05,318276,1000000000000000.0,2024-10-08T09:19:18
YUKEN,INE384C01016,10/8/2024,NSE,EQ,EQ,buy,False,2,1112.5,600489925,1300000000000000.0,2024-10-08T09:19:44
M&MFIN,INE774D01024,10/8/2024,BSE,EQ,A,buy,False,10,293.65,267900,1.72836e+18,2024-10-08T09:20:17
PETRONET,INE347G01014,10/8/2024,BSE,EQ,A,sell,False,15,344.7,13603200,1.72836e+18,2024-10-08T09:21:03
IRFC,INE053F01010,10/8/2024,BSE,EQ,A,buy,False,20,146.35,18677400,1.72836e+18,2024-10-08T09:24:27
TPHQ-T,INE065J01024,10/8/2024,BSE,EQ,T,buy,False,500,1.28,1466000,1.72836e+18,2024-10-08T09:25:10
BBOX,INE676A01027,10/8/2024,NSE,EQ,EQ,buy,False,5,472.85,642566,1000000000000000.0,2024-10-08T09:25:48
HAPPSTMNDS,INE419U01012,10/8/2024,NSE,EQ,EQ,buy,False,5,791.65,200872524,1100000000000000.0,2024-10-08T09:26:47
TATAMOTORS,INE155A01022,10/8/2024,BSE,EQ,A,buy,False,5,899.3,3691800,1.72836e+18,2024-10-08T09:30:34
AARTIIND,INE769A01020,10/8/2024,BSE,EQ,A,buy,False,5,540.9,2707800,1.72836e+18,2024-10-08T11:08:54
HAPPSTMNDS,INE419U01012,10/9/2024,NSE,EQ,EQ,sell,False,1,807.15,205304087,1100000000000000.0,2024-10-09T12:24:42
HAPPSTMNDS,INE419U01012,10/9/2024,NSE,EQ,EQ,sell,False,4,807.15,205304088,1100000000000000.0,2024-10-09T12:24:42
AZAD,INE02IJ01035,10/9/2024,NSE,EQ,EQ,buy,False,2,1438.6,4140276,1000000000000000.0,2024-10-09T12:27:37
YUKEN,INE384C01016,10/9/2024,NSE,EQ,EQ,buy,False,2,1170.5,605356071,1300000000000000.0,2024-10-09T12:28:02
SASKEN,INE231F01020,10/9/2024,BSE,EQ,B,sell,False,3,1632.0,30440100,1.72846e+18,2024-10-09T12:28:19
SASKEN,INE231F01020,10/9/2024,BSE,EQ,B,sell,False,1,1632.0,30439100,1.72846e+18,2024-10-09T12:28:19
SASKEN,INE231F01020,10/9/2024,BSE,EQ,B,sell,False,1,1632.0,30439300,1.72846e+18,2024-10-09T12:28:19
SASKEN,INE231F01020,10/9/2024,BSE,EQ,B,sell,False,1,1632.0,30439500,1.72846e+18,2024-10-09T12:28:19
SASKEN,INE231F01020,10/9/2024,BSE,EQ,B,sell,False,1,1632.0,30439700,1.72846e+18,2024-10-09T12:28:19
SASKEN,INE231F01020,10/9/2024,BSE,EQ,B,sell,False,1,1632.0,30439900,1.72846e+18,2024-10-09T12:28:19
M&MFIN,INE774D01024,10/9/2024,NSE,EQ,EQ,buy,False,10,291.9,405610260,1200000000000000.0,2024-10-09T12:30:40
LICHSGFIN,INE115A01026,10/9/2024,BSE,EQ,A,buy,False,5,620.1,3640700,1.72845e+18,2024-10-09T12:33:39
PRICOLLTD,INE726V01018,10/9/2024,NSE,EQ,EQ,buy,False,5,459.25,405666645,1200000000000000.0,2024-10-09T12:33:58
TIINDIA,INE974X01010,10/9/2024,NSE,EQ,EQ,sell,False,1,4240.0,606312426,1300000000000000.0,2024-10-09T13:21:44
TATAMOTORS,INE155A01022,10/10/2024,BSE,EQ,A,sell,False,5,930.0,1294900,1.72853e+18,2024-10-10T09:15:05
TATAMOTORS,INE155A01022,10/10/2024,BSE,EQ,A,sell,False,5,920.0,907200,1.72853e+18,2024-10-10T09:15:16
PNCINFRA,INE195J01029,10/10/2024,BSE,EQ,A,sell,False,15,449.2,413100,1.72853e+18,2024-10-10T09:19:05
YUKEN,INE384C01016,10/10/2024,BSE,EQ,B,sell,False,5,1190.4,3006500,1.72853e+18,2024-10-10T09:27:50
AZAD,INE02IJ01035,10/10/2024,NSE,EQ,EQ,sell,False,4,1452.25,837188,1000000000000000.0,2024-10-10T09:39:07
AZAD,INE02IJ01035,10/10/2024,NSE,EQ,EQ,sell,False,1,1452.5,837187,1000000000000000.0,2024-10-10T09:39:07
LICHSGFIN,INE115A01026,10/10/2024,NSE,EQ,EQ,buy,False,5,622.05,401258048,1200000000000000.0,2024-10-10T09:40:48
M&MFIN,INE774D01024,10/10/2024,BSE,EQ,A,buy,False,10,286.85,483400,1.72853e+18,2024-10-10T09:41:15
LODHA,INE670K01029,10/10/2024,BSE,EQ,A,sell,False,2,1200.0,68924200,1.72854e+18,2024-10-10T11:25:04
POONAWALLA,INE511C01022,10/11/2024,BSE,EQ,A,sell,False,3,385.0,9085000,1.72862e+18,2024-10-11T09:20:13
POONAWALLA,INE511C01022,10/11/2024,BSE,EQ,A,sell,False,2,385.0,9084800,1.72862e+18,2024-10-11T09:20:13
POONAWALLA,INE511C01022,10/11/2024,BSE,EQ,A,sell,False,5,385.0,9075000,1.72862e+18,2024-10-11T09:20:13
BDL,INE171Z01026,10/11/2024,BSE,EQ,A,sell,False,5,1202.0,18760100,1.72862e+18,2024-10-11T09:35:15
KSCL,INE455I01029,10/11/2024,BSE,EQ,A,buy,False,3,938.65,108980100,1.72864e+18,2024-10-11T14:46:24
KSCL,INE455I01029,10/11/2024,BSE,EQ,A,buy,False,2,937.9,108979900,1.72864e+18,2024-10-11T14:46:24
BAJAJHFL,INE377Y01014,10/14/2024,BSE,EQ,B,sell,False,5,148.0,241200,1.72888e+18,2024-10-14T09:15:36
BAJAJHFL,INE377Y01014,10/14/2024,BSE,EQ,B,sell,False,6,148.0,241400,1.72888e+18,2024-10-14T09:15:36
BAJAJHFL,INE377Y01014,10/14/2024,BSE,EQ,B,sell,False,9,148.0,241100,1.72888e+18,2024-10-14T09:15:36
NH,INE410P01011,10/14/2024,NSE,EQ,EQ,sell,False,1,1235.35,401029279,1200000000000000.0,2024-10-14T09:34:18
NH,INE410P01011,10/14/2024,NSE,EQ,EQ,sell,False,4,1235.35,401029280,1200000000000000.0,2024-10-14T09:34:18
AMAL-X,INE841D01013,10/14/2024,BSE,EQ,X,sell,False,10,345.0,8059000,1.72888e+18,2024-10-14T10:03:33
LODHA,INE670K01029,10/14/2024,NSE,EQ,EQ,buy,False,2,1183.4,401932652,1200000000000000.0,2024-10-14T10:05:14
LODHA,INE670K01029,10/14/2024,NSE,EQ,EQ,buy,False,1,1183.35,401932651,1200000000000000.0,2024-10-14T10:05:14
PRICOLLTD,INE726V01018,10/14/2024,BSE,EQ,A,buy,False,5,463.35,40515700,1.72888e+18,2024-10-14T10:05:52
POONAWALLA,INE511C01022,10/14/2024,BSE,EQ,A,buy,False,10,381.9,40835500,1.72888e+18,2024-10-14T10:06:33
TATATECH,INE142M01025,10/14/2024,NSE,EQ,EQ,sell,False,9,1050.5,603305841,1300000000000000.0,2024-10-14T11:08:11
TATATECH,INE142M01025,10/14/2024,NSE,EQ,EQ,sell,False,1,1050.55,603305840,1300000000000000.0,2024-10-14T11:08:11
AARTIIND,INE769A01020,10/14/2024,NSE,EQ,EQ,buy,False,5,535.15,3693466,1000000000000000.0,2024-10-14T12:08:57
MANAPPURAM,INE522D01027,10/14/2024,NSE,EQ,EQ,buy,False,20,184.0,406724632,1200000000000000.0,2024-10-14T14:40:18
PNCINFRA,INE195J01029,10/14/2024,BSE,EQ,A,sell,False,20,450.05,3896000,1.7289e+18,2024-10-14T15:21:28
AZAD,INE02IJ01035,10/15/2024,BSE,EQ,B,sell,False,6,1515.0,37600,1.72896e+18,2024-10-15T09:15:34
BAJAJHFL,INE377Y01014,10/15/2024,BSE,EQ,B,buy,False,10,142.9,708300,1.72896e+18,2024-10-15T09:19:39
HINDZINC,INE267A01025,10/15/2024,NSE,EQ,EQ,sell,False,25,515.0,200346960,1100000000000000.0,2024-10-15T09:19:55
M&MFIN,INE774D01024,10/15/2024,BSE,EQ,A,buy,False,5,285.6,159400,1.72896e+18,2024-10-15T09:23:30
LICHSGFIN,INE115A01026,10/15/2024,BSE,EQ,A,buy,False,5,623.5,301100,1.72896e+18,2024-10-15T09:24:15
AMAL-X,INE841D01013,10/15/2024,BSE,EQ,X,sell,False,10,350.0,6089300,1.72896e+18,2024-10-15T09:53:09
TATAMOTORS,INE155A01022,10/15/2024,BSE,EQ,A,buy,False,5,919.95,1585300,1.72897e+18,2024-10-15T10:30:30
ZENSARTECH,INE520A01027,10/15/2024,BSE,EQ,A,sell,False,10,710.0,1826000,1.72898e+18,2024-10-15T14:32:15
AZAD,INE02IJ01035,10/16/2024,NSE,EQ,EQ,sell,False,10,1539.8,113060,1000000000000000.0,2024-10-16T09:15:53
ITDC,INE353K01014,10/16/2024,NSE,EQ,EQ,sell,False,8,680.4,200160833,1100000000000000.0,2024-10-16T09:16:29
ITDC,INE353K01014,10/16/2024,NSE,EQ,EQ,sell,False,2,680.3,200160834,1100000000000000.0,2024-10-16T09:16:29
HERANBA,INE694N01015,10/16/2024,BSE,EQ,B,sell,False,20,473.0,815800,1.72905e+18,2024-10-16T09:17:36
BAJAJHFL,INE377Y01014,10/16/2024,BSE,EQ,B,buy,False,10,141.45,337200,1.72905e+18,2024-10-16T09:17:48
BBOX,INE676A01027,10/16/2024,BSE,EQ,B,buy,False,1,474.0,3472000,1.72905e+18,2024-10-16T09:25:10
BBOX,INE676A01027,10/16/2024,BSE,EQ,B,buy,False,4,474.1,3472200,1.72905e+18,2024-10-16T09:25:10
MANAPPURAM,INE522D01027,10/16/2024,NSE,EQ,EQ,buy,False,20,180.69,406048091,1200000000000000.0,2024-10-16T13:41:27
BDL,INE171Z01026,10/16/2024,NSE,EQ,EQ,buy,False,2,1188.35,5610738,1000000000000000.0,2024-10-16T13:43:10
POONAWALLA,INE511C01022,10/16/2024,NSE,EQ,EQ,buy,False,5,380.4,406766939,1200000000000000.0,2024-10-16T14:22:08
YUKEN,INE384C01016,10/16/2024,NSE,EQ,EQ,sell,False,5,1195.0,608927274,1300000000000000.0,2024-10-16T15:25:02
TATAMOTORS,INE155A01022,10/17/2024,BSE,EQ,A,buy,False,5,910.0,298300,1.72914e+18,2024-10-17T09:15:02
MANAPPURAM,INE522D01027,10/17/2024,BSE,EQ,A,buy,False,20,180.2,900300,1.72914e+18,2024-10-17T09:24:17
ITDC,INE353K01014,10/17/2024,NSE,EQ,EQ,buy,False,5,660.0,201991370,1100000000000000.0,2024-10-17T09:25:05
M&MFIN,INE774D01024,10/17/2024,BSE,EQ,A,buy,False,5,287.7,185300,1.72914e+18,2024-10-17T09:26:06
BDL,INE171Z01026,10/17/2024,BSE,EQ,A,buy,False,2,1180.95,15276100,1.72914e+18,2024-10-17T09:29:21
TATAMOTORS,INE155A01022,10/17/2024,NSE,EQ,EQ,buy,False,5,900.0,604531126,1300000000000000.0,2024-10-17T09:32:46
PNCINFRA,INE195J01029,10/17/2024,NSE,EQ,EQ,sell,False,1,462.05,400987888,1200000000000000.0,2024-10-17T09:33:01
PNCINFRA,INE195J01029,10/17/2024,NSE,EQ,EQ,sell,False,3,462.05,400987890,1200000000000000.0,2024-10-17T09:33:01
PNCINFRA,INE195J01029,10/17/2024,NSE,EQ,EQ,sell,False,4,462.05,400987891,1200000000000000.0,2024-10-17T09:33:01
PNCINFRA,INE195J01029,10/17/2024,NSE,EQ,EQ,sell,False,4,462.05,400987887,1200000000000000.0,2024-10-17T09:33:01
PNCINFRA,INE195J01029,10/17/2024,NSE,EQ,EQ,sell,False,8,462.05,400987889,1200000000000000.0,2024-10-17T09:33:01
VSSL,INE050M01012,10/17/2024,BSE,EQ,B,buy,False,1,275.0,11036200,1.72914e+18,2024-10-17T10:27:10
VSSL,INE050M01012,10/17/2024,BSE,EQ,B,buy,False,1,275.05,11036400,1.72914e+18,2024-10-17T10:27:10
VSSL,INE050M01012,10/17/2024,BSE,EQ,B,buy,False,7,275.1,11036700,1.72914e+18,2024-10-17T10:27:10
VSSL,INE050M01012,10/17/2024,BSE,EQ,B,buy,False,1,274.65,11036000,1.72914e+18,2024-10-17T10:27:10
LODHA,INE670K01029,10/17/2024,NSE,EQ,EQ,buy,False,2,1181.5,402808270,1200000000000000.0,2024-10-17T10:27:27
SOUTHBANK,INE683A01023,10/17/2024,NSE,EQ,EQ,sell,False,200,25.5,603611573,1300000000000000.0,2024-10-17T11:14:23
POONAWALLA,INE511C01022,10/17/2024,NSE,EQ,EQ,buy,False,5,375.35,406831303,1200000000000000.0,2024-10-17T13:50:26
BEL,INE263A01024,10/18/2024,NSE,EQ,EQ,sell,False,20,280.0,271597,1000000000000000.0,2024-10-18T09:18:13
BEL,INE263A01024,10/18/2024,NSE,EQ,EQ,sell,False,20,280.0,271605,1000000000000000.0,2024-10-18T09:18:13
AZAD,INE02IJ01035,10/18/2024,NSE,EQ,EQ,sell,False,10,1510.0,740391,1000000000000000.0,2024-10-18T09:19:29
SOUTHBANK,INE683A01023,10/18/2024,BSE,EQ,A,sell,False,200,24.7,895500,1.72922e+18,2024-10-18T09:21:37
BDL,INE171Z01026,10/18/2024,BSE,EQ,A,buy,False,2,1122.95,20227000,1.72922e+18,2024-10-18T09:25:23
YUKEN,INE384C01016,10/18/2024,BSE,EQ,B,sell,False,5,1185.0,7455700,1.72922e+18,2024-10-18T09:26:03
BBOX,INE676A01027,10/18/2024,BSE,EQ,B,sell,False,45,484.0,6156000,1.72922e+18,2024-10-18T09:30:07
IRFC,INE053F01010,10/18/2024,BSE,EQ,A,buy,False,10,147.6,109056000,1.72922e+18,2024-10-18T09:37:55
PFC,INE134E01011,10/18/2024,NSE,EQ,EQ,buy,False,5,463.2,401598374,1200000000000000.0,2024-10-18T09:38:40
LODHA,INE670K01029,10/18/2024,NSE,EQ,EQ,buy,False,2,1154.2,401681975,1200000000000000.0,2024-10-18T09:40:34
POONAWALLA,INE511C01022,10/18/2024,BSE,EQ,A,buy,False,5,375.25,36604900,1.72922e+18,2024-10-18T09:43:04
MANAPPURAM,INE522D01027,10/18/2024,BSE,EQ,A,buy,False,10,154.7,10187000,1.72923e+18,2024-10-18T11:03:31
MANAPPURAM,INE522D01027,10/18/2024,BSE,EQ,A,buy,False,10,155.5,10225500,1.72923e+18,2024-10-18T11:04:16
AMAL-X,INE841D01013,10/18/2024,BSE,EQ,X,sell,False,5,408.0,17104900,1.72922e+18,2024-10-18T12:58:10
AMAL-X,INE841D01013,10/18/2024,BSE,EQ,X,sell,False,15,407.5,17105200,1.72922e+18,2024-10-18T12:58:10
PRICOLLTD,INE726V01018,10/18/2024,BSE,EQ,A,buy,False,5,466.85,109630800,1.72924e+18,2024-10-18T13:02:09
POONAWALLA,INE511C01022,10/18/2024,BSE,EQ,A,buy,False,5,375.55,149206600,1.72924e+18,2024-10-18T15:08:07
LODHA,INE670K01029,10/21/2024,BSE,EQ,A,buy,False,2,1174.95,12594300,1.72948e+18,2024-10-21T09:20:34
BDL,INE171Z01026,10/21/2024,NSE,EQ,EQ,buy,False,2,1140.4,351001,1000000000000000.0,2024-10-21T09:20:51
BAJAJHFL,INE377Y01014,10/21/2024,NSE,EQ,EQ,buy,False,5,139.9,378496,1000000000000000.0,2024-10-21T09:21:31
BAJAJHFL,INE377Y01014,10/21/2024,NSE,EQ,EQ,buy,False,5,139.94,378497,1000000000000000.0,2024-10-21T09:21:31
MANAPPURAM,INE522D01027,10/21/2024,BSE,EQ,A,buy,False,10,149.45,1593100,1.72948e+18,2024-10-21T09:24:15
SBIN,INE062A01020,10/21/2024,NSE,EQ,EQ,sell,False,20,815.0,601506492,1300000000000000.0,2024-10-21T09:43:03
IRFC,INE053F01010,10/21/2024,NSE,EQ,EQ,buy,False,10,145.75,203297981,1100000000000000.0,2024-10-21T10:58:00
LODHA,INE670K01029,10/21/2024,BSE,EQ,A,buy,False,2,1159.95,70262400,1.72949e+18,2024-10-21T10:59:11
MANAPPURAM,INE522D01027,10/21/2024,BSE,EQ,A,buy,False,10,147.75,6499700,1.72949e+18,2024-10-21T11:02:36
PFC,INE134E01011,10/21/2024,NSE,EQ,EQ,buy,False,5,462.8,405244717,1200000000000000.0,2024-10-21T12:16:03
PNCINFRA,INE195J01029,10/22/2024,NSE,EQ,EQ,buy,False,5,338.35,401446888,1200000000000000.0,2024-10-22T09:37:10
BDL,INE171Z01026,10/22/2024,BSE,EQ,A,buy,False,2,1093.45,26378600,1.72957e+18,2024-10-22T09:37:31
YUKEN,INE384C01016,10/22/2024,NSE,EQ,EQ,buy,False,1,1172.45,601284658,1300000000000000.0,2024-10-22T09:37:52
YUKEN,INE384C01016,10/22/2024,NSE,EQ,EQ,buy,False,1,1172.5,601284659,1300000000000000.0,2024-10-22T09:37:52
IRFC,INE053F01010,10/22/2024,BSE,EQ,A,buy,False,10,141.9,26735100,1.72957e+18,2024-10-22T09:38:03
MANAPPURAM,INE522D01027,10/22/2024,BSE,EQ,A,buy,False,10,144.45,1837400,1.72957e+18,2024-10-22T09:38:23
BEL,INE263A01024,10/22/2024,NSE,EQ,EQ,buy,False,10,278.45,1126444,1000000000000000.0,2024-10-22T09:38:50
PFC,INE134E01011,10/22/2024,NSE,EQ,EQ,buy,False,5,459.5,401553189,1200000000000000.0,2024-10-22T09:39:34
TATAMOTORS,INE155A01022,10/22/2024,NSE,EQ,EQ,buy,False,2,896.05,601355824,1300000000000000.0,2024-10-22T09:39:47
TATAMOTORS,INE155A01022,10/22/2024,NSE,EQ,EQ,buy,False,3,896.05,601355825,1300000000000000.0,2024-10-22T09:39:47
VSSL,INE050M01012,10/22/2024,BSE,EQ,B,buy,False,2,269.7,6629100,1.72957e+18,2024-10-22T09:40:19
VSSL,INE050M01012,10/22/2024,BSE,EQ,B,buy,False,2,269.6,6628900,1.72957e+18,2024-10-22T09:40:19
VSSL,INE050M01012,10/22/2024,BSE,EQ,B,buy,False,1,269.5,6628700,1.72957e+18,2024-10-22T09:40:19
VSSL,INE050M01012,10/22/2024,BSE,EQ,B,buy,False,5,269.75,6629300,1.72957e+18,2024-10-22T09:40:19
ZENSARTECH,INE520A01027,10/22/2024,NSE,EQ,EQ,buy,False,1,675.95,601405982,1300000000000000.0,2024-10-22T09:41:16
ZENSARTECH,INE520A01027,10/22/2024,NSE,EQ,EQ,buy,False,1,675.95,601405981,1300000000000000.0,2024-10-22T09:41:16
ZENSARTECH,INE520A01027,10/22/2024,NSE,EQ,EQ,buy,False,2,676.05,601405983,1300000000000000.0,2024-10-22T09:41:16
ZENSARTECH,INE520A01027,10/22/2024,NSE,EQ,EQ,buy,False,1,676.05,601405984,1300000000000000.0,2024-10-22T09:41:16
YUKEN,INE384C01016,10/22/2024,NSE,EQ,EQ,buy,False,2,1150.0,605806635,1300000000000000.0,2024-10-22T09:43:04
JIOFIN,INE758E01017,10/22/2024,BSE,EQ,A,buy,False,10,320.0,62817300,1.72957e+18,2024-10-22T10:35:57
POONAWALLA,INE511C01022,10/22/2024,NSE,EQ,EQ,buy,False,5,368.25,405505600,1200000000000000.0,2024-10-22T11:42:04
LOKESHMACH,INE397H01017,10/22/2024,NSE,EQ,EQ,buy,False,10,365.0,406136247,1200000000000000.0,2024-10-22T12:07:09
SBIN,INE062A01020,10/22/2024,NSE,EQ,EQ,buy,False,1,789.45,610226031,1300000000000000.0,2024-10-22T15:08:47
SBIN,INE062A01020,10/22/2024,NSE,EQ,EQ,buy,False,5,789.45,610226030,1300000000000000.0,2024-10-22T15:08:47
SBIN,INE062A01020,10/22/2024,NSE,EQ,EQ,buy,False,4,789.4,610226029,1300000000000000.0,2024-10-22T15:08:47
MANAPPURAM,INE522D01027,10/23/2024,BSE,EQ,A,buy,False,10,139.85,328700,1.72965e+18,2024-10-23T09:15:09
TATASTEEL,INE081A01020,10/23/2024,NSE,EQ,EQ,buy,False,50,149.89,600059519,1300000000000000.0,2024-10-23T09:15:09
M&MFIN,INE774D01024,10/23/2024,NSE,EQ,EQ,buy,False,10,263.55,400151324,1200000000000000.0,2024-10-23T09:15:53
ZENSARTECH,INE520A01027,10/23/2024,BSE,EQ,A,buy,False,5,642.2,136600,1.72965e+18,2024-10-23T09:16:35
SOUTHBANK,INE683A01023,10/23/2024,BSE,EQ,A,buy,False,500,23.47,416300,1.72965e+18,2024-10-23T09:17:17
PNCINFRA,INE195J01029,10/23/2024,NSE,EQ,EQ,buy,False,4,338.65,400344834,1200000000000000.0,2024-10-23T09:17:47
PNCINFRA,INE195J01029,10/23/2024,NSE,EQ,EQ,buy,False,1,338.65,400344835,1200000000000000.0,2024-10-23T09:17:47
BEL,INE263A01024,10/23/2024,NSE,EQ,EQ,buy,False,10,272.2,311975,1000000000000000.0,2024-10-23T09:18:25
HAPPSTMNDS,INE419U01012,10/23/2024,NSE,EQ,EQ,buy,False,3,772.0,200390689,1100000000000000.0,2024-10-23T09:18:45
HAPPSTMNDS,INE419U01012,10/23/2024,NSE,EQ,EQ,buy,False,2,771.95,200390688,1100000000000000.0,2024-10-23T09:18:45
YUKEN,INE384C01016,10/23/2024,NSE,EQ,EQ,buy,False,2,1155.0,600735510,1300000000000000.0,2024-10-23T09:23:03
BDL,INE171Z01026,10/23/2024,BSE,EQ,A,buy,False,2,1051.45,22795300,1.72966e+18,2024-10-23T09:24:37
PFC,INE134E01011,10/23/2024,BSE,EQ,A,buy,False,5,430.0,1170100,1.72965e+18,2024-10-23T09:40:51
VSSL,INE050M01012,10/23/2024,BSE,EQ,B,buy,False,10,257.35,7931600,1.72966e+18,2024-10-23T09:43:00
ZENSARTECH,INE520A01027,10/23/2024,BSE,EQ,A,sell,False,5,698.15,2517100,1.72966e+18,2024-10-23T12:24:15
LOKESHMACH,INE397H01017,10/23/2024,BSE,EQ,B,sell,False,10,364.1,37083700,1.72967e+18,2024-10-23T12:25:53
JIOFIN,INE758E01017,10/23/2024,BSE,EQ,A,sell,False,10,317.65,155469700,1.72967e+18,2024-10-23T13:34:32
POONAWALLA,INE511C01022,10/24/2024,NSE,EQ,EQ,buy,False,5,363.25,400262729,1200000000000000.0,2024-10-24T09:17:14
BEL,INE263A01024,10/24/2024,BSE,EQ,A,buy,False,10,269.6,227500,1.72974e+18,2024-10-24T09:17:27
SBIN,INE062A01020,10/24/2024,NSE,EQ,EQ,buy,False,2,788.95,600300409,1300000000000000.0,2024-10-24T09:17:49
PFC,INE134E01011,10/24/2024,NSE,EQ,EQ,buy,False,5,439.95,400326757,1200000000000000.0,2024-10-24T09:18:00
YUKEN,INE384C01016,10/24/2024,NSE,EQ,EQ,buy,False,2,1152.7,600437819,1300000000000000.0,2024-10-24T09:19:48
IRFC,INE053F01010,10/24/2024,BSE,EQ,A,buy,False,10,137.65,9786200,1.72974e+18,2024-10-24T09:20:19
BAJAJHFL,INE377Y01014,10/24/2024,NSE,EQ,EQ,buy,False,10,134.02,382086,1000000000000000.0,2024-10-24T09:20:39
YUKEN,INE384C01016,10/25/2024,BSE,EQ,B,buy,False,1,1142.3,1891900,1.72983e+18,2024-10-25T09:22:34
YUKEN,INE384C01016,10/25/2024,BSE,EQ,B,buy,False,1,1143.2,1892100,1.72983e+18,2024-10-25T09:22:34
M&MFIN,INE774D01024,10/25/2024,BSE,EQ,A,buy,False,5,266.7,244800,1.72983e+18,2024-10-25T09:23:51
TATASTEEL,INE081A01020,10/25/2024,BSE,EQ,A,buy,False,10,147.8,699600,1.72983e+18,2024-10-25T09:24:22
BEL,INE263A01024,10/25/2024,BSE,EQ,A,buy,False,10,265.0,2746000,1.72983e+18,2024-10-25T09:24:47
HINDCOPPER,INE531E01026,10/25/2024,BSE,EQ,A,buy,False,10,284.75,383800,1.72983e+18,2024-10-25T09:30:31
PFC,INE134E01011,10/25/2024,NSE,EQ,EQ,buy,False,5,439.3,402881250,1200000000000000.0,2024-10-25T10:11:01
POONAWALLA,INE511C01022,10/28/2024,BSE,EQ,A,buy,False,10,306.4,69392200,1.73009e+18,2024-10-28T10:20:07
PFC,INE134E01011,10/28/2024,BSE,EQ,A,buy,False,5,451.35,2022500,1.73009e+18,2024-10-28T10:36:38
MANAPPURAM,INE522D01027,10/28/2024,NSE,EQ,EQ,buy,False,10,147.2,404648048,1200000000000000.0,2024-10-28T11:11:39
PNCINFRA,INE195J01029,10/28/2024,BSE,EQ,A,buy,False,5,312.9,1807500,1.73009e+18,2024-10-28T11:12:15
BAJAJHFL,INE377Y01014,10/28/2024,BSE,EQ,B,buy,False,10,131.8,5627500,1.73009e+18,2024-10-28T11:12:38
YUKEN,INE384C01016,10/28/2024,BSE,EQ,B,buy,False,1,1089.85,16073500,1.73009e+18,2024-10-28T11:12:56
YUKEN,INE384C01016,10/28/2024,BSE,EQ,B,buy,False,1,1091.8,16073700,1.73009e+18,2024-10-28T11:12:56
KSCL,INE455I01029,10/28/2024,BSE,EQ,A,buy,False,4,829.15,93658100,1.73009e+18,2024-10-28T11:14:53
KSCL,INE455I01029,10/28/2024,BSE,EQ,A,buy,False,1,829.1,93657800,1.73009e+18,2024-10-28T11:14:53
BDL,INE171Z01026,10/28/2024,NSE,EQ,EQ,buy,False,2,1042.85,4046889,1000000000000000.0,2024-10-28T11:17:57
PNCINFRA,INE195J01029,10/28/2024,BSE,EQ,A,buy,False,5,314.35,1872500,1.73009e+18,2024-10-28T11:18:53
ITDC,INE353K01014,10/28/2024,NSE,EQ,EQ,buy,False,1,578.95,205459850,1100000000000000.0,2024-10-28T11:32:02
ITDC,INE353K01014,10/28/2024,NSE,EQ,EQ,buy,False,4,579.1,205459851,1100000000000000.0,2024-10-28T11:32:02
KSCL,INE455I01029,10/29/2024,BSE,EQ,A,buy,False,5,830.85,5656800,1.73017e+18,2024-10-29T09:16:36
BEL,INE263A01024,10/29/2024,NSE,EQ,EQ,sell,False,20,274.55,1016710,1000000000000000.0,2024-10-29T09:34:44
TATASTEEL,INE081A01020,10/29/2024,BSE,EQ,A,buy,False,30,147.4,3419700,1.73018e+18,2024-10-29T10:21:51
ZENSARTECH,INE520A01027,10/29/2024,BSE,EQ,A,sell,False,10,699.9,1654800,1.73018e+18,2024-10-29T10:40:20
LODHA,INE670K01029,10/29/2024,NSE,EQ,EQ,sell,False,5,1193.8,408872884,1200000000000000.0,2024-10-29T14:54:14
BAJAJHFL,INE377Y01014,10/29/2024,NSE,EQ,EQ,buy,False,10,131.0,6689992,1000000000000000.0,2024-10-29T14:56:58
TATAMOTORS,INE155A01022,10/29/2024,BSE,EQ,A,buy,False,5,842.0,21131800,1.73019e+18,2024-10-29T14:57:45
PRICOLLTD,INE726V01018,10/29/2024,BSE,EQ,A,buy,False,5,447.25,154488000,1.7302e+18,2024-10-29T15:21:26
AARTIDRUGS,INE767A01016,10/30/2024,BSE,EQ,A,buy,False,5,486.0,12909600,1.73026e+18,2024-10-30T09:23:13
IRFC,INE053F01010,10/30/2024,NSE,EQ,EQ,sell,False,20,153.05,203401854,1100000000000000.0,2024-10-30T10:49:22
VSSL,INE050M01012,10/30/2024,BSE,EQ,B,buy,False,5,268.05,12948000,1.73027e+18,2024-10-30T10:59:18
BAJAJHFL,INE377Y01014,10/30/2024,BSE,EQ,B,buy,False,10,135.25,3585600,1.73026e+18,2024-10-30T11:01:56
LICHSGFIN,INE115A01026,10/30/2024,NSE,EQ,EQ,sell,False,10,646.9,403773291,1200000000000000.0,2024-10-30T11:03:02
TATASTEEL,INE081A01020,10/30/2024,NSE,EQ,EQ,buy,False,10,150.4,603787274,1300000000000000.0,2024-10-30T11:05:03
M&MFIN,INE774D01024,10/30/2024,NSE,EQ,EQ,buy,False,5,276.65,403840698,1200000000000000.0,2024-10-30T11:06:29
RAJESHEXPO,INE343B01030,10/30/2024,BSE,EQ,A,buy,False,10,248.7,1941400,1.73026e+18,2024-10-30T11:10:04
M&MFIN,INE774D01024,10/30/2024,NSE,EQ,EQ,buy,False,5,274.8,405952523,1200000000000000.0,2024-10-30T13:00:28
KSCL,INE455I01029,10/31/2024,NSE,EQ,EQ,sell,False,5,875.0,400079491,1200000000000000.0,2024-10-31T09:15:06
FIVESTAR,INE128S01021,10/31/2024,NSE,EQ,EQ,buy,False,16,725.85,200171082,1100000000000000.0,2024-10-31T09:16:24
FIVESTAR,INE128S01021,10/31/2024,NSE,EQ,EQ,buy,False,4,725.85,200171083,1100000000000000.0,2024-10-31T09:16:24
SBIN,INE062A01020,10/31/2024,BSE,EQ,A,sell,False,12,815.05,2138200,1.73035e+18,2024-10-31T12:25:36
POONAWALLA,INE511C01022,10/31/2024,NSE,EQ,EQ,sell,False,10,360.0,405244115,1200000000000000.0,2024-10-31T12:44:25
MANAPPURAM,INE522D01027,10/31/2024,NSE,EQ,EQ,buy,False,1,156.28,407342734,1200000000000000.0,2024-10-31T14:32:58
MANAPPURAM,INE522D01027,10/31/2024,NSE,EQ,EQ,buy,False,1,156.28,407342735,1200000000000000.0,2024-10-31T14:32:58
MANAPPURAM,INE522D01027,10/31/2024,NSE,EQ,EQ,buy,False,8,156.28,407342736,1200000000000000.0,2024-10-31T14:32:58
FIVESTAR,INE128S01021,11/1/2024,NSE,EQ,EQ,buy,False,10,715.0,200394913,1100000000000000.0,2024-11-01T18:00:03
BDL,INE171Z01026,11/1/2024,NSE,EQ,EQ,buy,False,1,1110.0,843517,1000000000000000.0,2024-11-01T18:20:39
M&MFIN,INE774D01024,11/1/2024,BSE,EQ,A,buy,False,5,271.25,604500,1.73046e+18,2024-11-01T18:21:44
AARTIDRUGS,INE767A01016,11/1/2024,NSE,EQ,EQ,buy,False,5,486.35,889005,1000000000000000.0,2024-11-01T18:22:24
PNCINFRA,INE195J01029,11/1/2024,NSE,EQ,EQ,buy,False,10,323.75,401474818,1200000000000000.0,2024-11-01T18:26:03
VSSL,INE050M01012,11/1/2024,BSE,EQ,B,sell,False,10,271.0,20378700,1.73047e+18,2024-11-01T18:46:49
IRFC,INE053F01010,11/1/2024,BSE,EQ,A,sell,False,10,157.0,84156100,1.73047e+18,2024-11-01T18:54:31
IRFC,INE053F01010,11/1/2024,BSE,EQ,A,sell,False,9,157.0,84155900,1.73047e+18,2024-11-01T18:54:31
IRFC,INE053F01010,11/1/2024,BSE,EQ,A,sell,False,1,157.0,84156300,1.73047e+18,2024-11-01T18:54:31
POONAWALLA,INE511C01022,11/4/2024,BSE,EQ,A,sell,False,15,371.0,5162600,1.73069e+18,2024-11-04T09:15:20
PRICOLLTD,INE726V01018,11/4/2024,BSE,EQ,A,sell,False,2,470.0,8530700,1.73069e+18,2024-11-04T09:16:43
PRICOLLTD,INE726V01018,11/4/2024,BSE,EQ,A,sell,False,13,470.0,8534800,1.73069e+18,2024-11-04T09:16:43
IRFC,INE053F01010,11/4/2024,NSE,EQ,EQ,sell,False,12,155.06,200325174,1100000000000000.0,2024-11-04T09:17:07
IRFC,INE053F01010,11/4/2024,NSE,EQ,EQ,sell,False,18,155.06,200325173,1100000000000000.0,2024-11-04T09:17:07
PFC,INE134E01011,11/4/2024,NSE,EQ,EQ,sell,False,10,450.0,401013880,1200000000000000.0,2024-11-04T09:25:03
SOUTHBANK,INE683A01023,11/4/2024,NSE,EQ,EQ,sell,False,300,24.33,600983070,1300000000000000.0,2024-11-04T09:25:44
YUKEN,INE384C01016,11/4/2024,NSE,EQ,EQ,sell,False,7,1160.0,601525713,1300000000000000.0,2024-11-04T09:35:49
AARTIDRUGS,INE767A01016,11/4/2024,NSE,EQ,EQ,buy,False,5,496.8,1210884,1000000000000000.0,2024-11-04T09:38:40
BAJAJHFL,INE377Y01014,11/4/2024,BSE,EQ,B,buy,False,10,135.15,2144600,1.73069e+18,2024-11-04T09:44:14
HINDCOPPER,INE531E01026,11/4/2024,NSE,EQ,EQ,sell,False,10,290.7,201754039,1100000000000000.0,2024-11-04T09:44:52
TPHQ,INE065J01024,11/4/2024,BSE,EQ,B,sell,False,8,1.4,32766700,1.73069e+18,2024-11-04T09:48:42
TPHQ,INE065J01024,11/4/2024,BSE,EQ,B,sell,False,1019,1.4,32779600,1.73069e+18,2024-11-04T09:48:42
TPHQ,INE065J01024,11/4/2024,BSE,EQ,B,sell,False,250,1.4,32749000,1.73069e+18,2024-11-04T09:48:42
TPHQ,INE065J01024,11/4/2024,BSE,EQ,B,sell,False,323,1.4,32553300,1.73069e+18,2024-11-04T09:48:42
LICHSGFIN,INE115A01026,11/4/2024,NSE,EQ,EQ,buy,False,5,620.0,403434418,1200000000000000.0,2024-11-04T09:51:50
BDL,INE171Z01026,11/4/2024,NSE,EQ,EQ,buy,False,1,1081.9,1612061,1000000000000000.0,2024-11-04T09:53:47
KSCL,INE455I01029,11/4/2024,BSE,EQ,A,sell,False,15,930.0,44677900,1.73069e+18,2024-11-04T09:57:32
LODHA,INE670K01029,11/4/2024,NSE,EQ,EQ,sell,False,5,1210.0,402412807,1200000000000000.0,2024-11-04T09:57:45
FIVESTAR,INE128S01021,11/4/2024,NSE,EQ,EQ,buy,False,2,699.5,207998278,1100000000000000.0,2024-11-04T14:27:03
FIVESTAR,INE128S01021,11/4/2024,NSE,EQ,EQ,buy,False,3,699.5,207998279,1100000000000000.0,2024-11-04T14:27:03
PNCINFRA,INE195J01029,11/5/2024,BSE,EQ,A,buy,False,5,314.4,247700,1.73078e+18,2024-11-05T09:19:29
MANAPPURAM,INE522D01027,11/5/2024,BSE,EQ,A,buy,False,10,153.55,911700,1.73078e+18,2024-11-05T09:20:53
TATAMOTORS,INE155A01022,11/5/2024,BSE,EQ,A,buy,False,5,832.0,1058200,1.73078e+18,2024-11-05T09:22:44
NH,INE410P01011,11/5/2024,NSE,EQ,EQ,buy,False,8,1200.0,401500882,1200000000000000.0,2024-11-05T09:46:16
NH,INE410P01011,11/5/2024,NSE,EQ,EQ,buy,False,2,1200.0,401500881,1200000000000000.0,2024-11-05T09:46:16
VSSL,INE050M01012,11/5/2024,NSE,EQ,EQ,sell,False,10,274.0,601698615,1300000000000000.0,2024-11-05T09:49:30
LODHA,INE670K01029,11/5/2024,NSE,EQ,EQ,buy,False,1,1166.25,403407346,1200000000000000.0,2024-11-05T11:01:21
PFC,INE134E01011,11/5/2024,BSE,EQ,A,buy,False,5,443.45,1419600,1.73078e+18,2024-11-05T11:02:01
FIVESTAR,INE128S01021,11/5/2024,NSE,EQ,EQ,buy,False,5,690.95,203339717,1100000000000000.0,2024-11-05T11:02:46
LODHA,INE670K01029,11/5/2024,NSE,EQ,EQ,buy,False,1,1161.25,406041512,1200000000000000.0,2024-11-05T13:18:46
FIVESTAR,INE128S01021,11/5/2024,NSE,EQ,EQ,buy,False,5,672.3,209230509,1100000000000000.0,2024-11-05T15:27:12
TPHQ,INE065J01024,11/6/2024,BSE,EQ,B,sell,False,900,1.45,12403600,1.73086e+18,2024-11-06T09:46:21
FIVESTAR,INE128S01021,11/6/2024,BSE,EQ,A,buy,False,5,665.0,35797700,1.73087e+18,2024-11-06T10:02:42
HAPPSTMNDS,INE419U01012,11/6/2024,NSE,EQ,EQ,sell,False,9,783.1,207936815,1100000000000000.0,2024-11-06T14:49:38
HAPPSTMNDS,INE419U01012,11/6/2024,NSE,EQ,EQ,sell,False,1,783.05,207936816,1100000000000000.0,2024-11-06T14:49:38
MANAPPURAM,INE522D01027,11/6/2024,NSE,EQ,EQ,buy,False,10,156.89,409422346,1200000000000000.0,2024-11-06T15:05:57
BEL,INE263A01024,11/7/2024,NSE,EQ,EQ,sell,False,60,298.0,675672,1000000000000000.0,2024-11-07T09:24:25
AARTIDRUGS,INE767A01016,11/7/2024,BSE,EQ,A,sell,False,5,497.05,19002500,1.73095e+18,2024-11-07T09:26:40
ZENSARTECH,INE520A01027,11/7/2024,NSE,EQ,EQ,sell,False,25,735.0,602057546,1300000000000000.0,2024-11-07T09:52:00
BAJAJHFL,INE377Y01014,11/7/2024,NSE,EQ,EQ,sell,False,30,138.99,2124771,1000000000000000.0,2024-11-07T10:10:58
TIINDIA,INE974X01010,11/7/2024,NSE,EQ,EQ,buy,False,1,3995.0,602698081,1300000000000000.0,2024-11-07T10:18:16
VSSL,INE050M01012,11/7/2024,NSE,EQ,EQ,buy,False,5,263.2,609664481,1300000000000000.0,2024-11-07T15:24:54
IRFC,INE053F01010,11/8/2024,NSE,EQ,EQ,sell,False,8,150.71,200206222,1100000000000000.0,2024-11-08T09:16:39
IRFC,INE053F01010,11/8/2024,NSE,EQ,EQ,sell,False,22,150.71,200206223,1100000000000000.0,2024-11-08T09:16:39
PRICOLLTD,INE726V01018,11/8/2024,NSE,EQ,EQ,sell,False,7,469.3,400421605,1200000000000000.0,2024-11-08T09:19:37
PRICOLLTD,INE726V01018,11/8/2024,NSE,EQ,EQ,sell,False,3,469.3,400421604,1200000000000000.0,2024-11-08T09:19:37
NH,INE410P01011,11/8/2024,NSE,EQ,EQ,sell,False,10,1260.05,400566534,1200000000000000.0,2024-11-08T09:21:54
PFC,INE134E01011,11/8/2024,NSE,EQ,EQ,sell,False,15,455.0,400641067,1200000000000000.0,2024-11-08T09:22:54
POONAWALLA,INE511C01022,11/8/2024,BSE,EQ,A,sell,False,10,365.1,58399200,1.73104e+18,2024-11-08T11:09:19
LICHSGFIN,INE115A01026,11/8/2024,NSE,EQ,EQ,sell,False,10,640.05,405062026,1200000000000000.0,2024-11-08T12:21:30
LODHA,INE670K01029,11/8/2024,NSE,EQ,EQ,sell,False,12,1174.1,408161058,1200000000000000.0,2024-11-08T15:02:19
HINDCOPPER,INE531E01026,11/8/2024,NSE,EQ,EQ,buy,False,30,280.0,209097225,1100000000000000.0,2024-11-08T15:26:40
YUKEN,INE384C01016,11/11/2024,BSE,EQ,B,sell,False,10,1145.0,525900,1.7313e+18,2024-11-11T09:15:05
SOUTHBANK,INE683A01023,11/11/2024,BSE,EQ,A,sell,False,200,23.8,396900,1.7313e+18,2024-11-11T09:15:43
TATASTEEL,INE081A01020,11/11/2024,NSE,EQ,EQ,buy,False,10,145.75,601915804,1300000000000000.0,2024-11-11T09:47:59
HAPPSTMNDS,INE419U01012,11/11/2024,BSE,EQ,A,buy,False,4,767.6,41112900,1.7313e+18,2024-11-11T09:48:32
HAPPSTMNDS,INE419U01012,11/11/2024,BSE,EQ,A,buy,False,1,767.85,41113100,1.7313e+18,2024-11-11T09:48:32
HINDCOPPER,INE531E01026,11/11/2024,BSE,EQ,A,buy,False,10,278.45,1764200,1.7313e+18,2024-11-11T09:49:36
MANAPPURAM,INE522D01027,11/11/2024,NSE,EQ,EQ,buy,False,10,148.76,402039576,1200000000000000.0,2024-11-11T09:52:18
HINDCOPPER,INE531E01026,11/12/2024,BSE,EQ,A,buy,False,10,276.55,667600,1.73138e+18,2024-11-12T09:28:37
YUKEN,INE384C01016,11/12/2024,BSE,EQ,B,buy,False,3,1147.0,3141500,1.73138e+18,2024-11-12T09:29:09
TATAMOTORS,INE155A01022,11/12/2024,BSE,EQ,A,buy,False,5,803.1,1838800,1.73138e+18,2024-11-12T09:30:03
VSSL,INE050M01012,11/12/2024,BSE,EQ,B,buy,False,1,259.45,3345500,1.73138e+18,2024-11-12T09:30:24
VSSL,INE050M01012,11/12/2024,BSE,EQ,B,buy,False,9,259.5,3345700,1.73138e+18,2024-11-12T09:30:24
TATASTEEL,INE081A01020,11/12/2024,NSE,EQ,EQ,buy,False,10,146.1,600985768,1300000000000000.0,2024-11-12T09:30:57
YUKEN,INE384C01016,11/12/2024,BSE,EQ,B,buy,False,2,1136.4,12213500,1.73139e+18,2024-11-12T11:25:11
PFC,INE134E01011,11/12/2024,NSE,EQ,EQ,sell,False,31,475.1,405266407,1200000000000000.0,2024-11-12T12:41:15
PFC,INE134E01011,11/12/2024,NSE,EQ,EQ,sell,False,14,475.1,405266408,1200000000000000.0,2024-11-12T12:41:15
LODHA,INE670K01029,11/13/2024,BSE,EQ,A,sell,False,10,1230.0,4627400,1.73147e+18,2024-11-13T09:15:01
SOUTHBANK,INE683A01023,11/13/2024,NSE,EQ,EQ,buy,False,100,23.3,600466539,1300000000000000.0,2024-11-13T09:20:30
IRFC,INE053F01010,11/13/2024,BSE,EQ,A,buy,False,10,143.9,22316300,1.73147e+18,2024-11-13T09:30:19
POONAWALLA,INE511C01022,11/13/2024,NSE,EQ,EQ,buy,False,5,354.3,401320449,1200000000000000.0,2024-11-13T09:30:43
YUKEN,INE384C01016,11/13/2024,BSE,EQ,B,buy,False,2,1116.0,4967000,1.73147e+18,2024-11-13T09:31:03
MANAPPURAM,INE522D01027,11/13/2024,NSE,EQ,EQ,sell,False,30,158.0,401397587,1200000000000000.0,2024-11-13T09:31:28
KSCL,INE455I01029,11/13/2024,BSE,EQ,A,buy,False,5,875.0,25291000,1.73147e+18,2024-11-13T09:32:07
PFC,INE134E01011,11/13/2024,NSE,EQ,EQ,buy,False,20,460.0,401590056,1200000000000000.0,2024-11-13T09:34:27
AARTIDRUGS,INE767A01016,11/13/2024,NSE,EQ,EQ,buy,False,4,474.2,1183502,1000000000000000.0,2024-11-13T09:37:46
AARTIDRUGS,INE767A01016,11/13/2024,NSE,EQ,EQ,buy,False,1,474.2,1183501,1000000000000000.0,2024-11-13T09:37:46
BEL,INE263A01024,11/13/2024,BSE,EQ,A,buy,False,20,280.0,1951500,1.73147e+18,2024-11-13T09:47:54
SOUTHBANK,INE683A01023,11/14/2024,NSE,EQ,EQ,buy,False,100,22.9,600119863,1300000000000000.0,2024-11-14T09:15:36
BDL,INE171Z01026,11/14/2024,BSE,EQ,A,buy,False,5,1000.0,16453700,1.73156e+18,2024-11-14T09:24:44
YUKEN,INE384C01016,11/14/2024,BSE,EQ,B,buy,False,2,1130.0,4436100,1.73156e+18,2024-11-14T09:30:11
POONAWALLA,INE511C01022,11/14/2024,NSE,EQ,EQ,buy,False,5,352.0,406557884,1200000000000000.0,2024-11-14T09:57:59
VSSL,INE050M01012,11/14/2024,BSE,EQ,B,buy,False,8,256.0,9588700,1.73156e+18,2024-11-14T09:59:56
VSSL,INE050M01012,11/14/2024,BSE,EQ,B,buy,False,9,256.0,9583200,1.73156e+18,2024-11-14T09:59:56
VSSL,INE050M01012,11/14/2024,BSE,EQ,B,buy,False,3,256.0,9588900,1.73156e+18,2024-11-14T09:59:56
IRFC,INE053F01010,11/14/2024,BSE,EQ,A,buy,False,20,142.0,48445000,1.73156e+18,2024-11-14T10:03:35
TIINDIA,INE974X01010,11/14/2024,NSE,EQ,EQ,buy,False,2,3525.0,602597984,1300000000000000.0,2024-11-14T10:04:38
PFC,INE134E01011,11/14/2024,BSE,EQ,A,buy,False,10,454.6,4754100,1.73156e+18,2024-11-14T11:43:13
MANAPPURAM,INE522D01027,11/18/2024,BSE,EQ,A,buy,False,10,152.45,1125800,1.7319e+18,2024-11-18T09:18:39
KSCL,INE455I01029,11/18/2024,NSE,EQ,EQ,buy,False,2,844.05,400602227,1200000000000000.0,2024-11-18T09:20:15
SOUTHBANK,INE683A01023,11/18/2024,BSE,EQ,A,buy,False,100,22.63,1376000,1.7319e+18,2024-11-18T09:23:44
YUKEN,INE384C01016,11/18/2024,BSE,EQ,B,buy,False,1,1100.4,4663300,1.7319e+18,2024-11-18T09:27:19
HINDCOPPER,INE531E01026,11/18/2024,BSE,EQ,A,buy,False,20,267.0,2764000,1.73191e+18,2024-11-18T12:28:47
VSSL,INE050M01012,11/18/2024,BSE,EQ,B,buy,False,1,255.0,38885300,1.73192e+18,2024-11-18T15:14:47
VSSL,INE050M01012,11/18/2024,BSE,EQ,B,buy,False,4,255.0,39470000,1.73192e+18,2024-11-18T15:14:47
BEL,INE263A01024,11/19/2024,BSE,EQ,A,buy,False,20,279.0,144100,1.73199e+18,2024-11-19T09:15:02
KSCL,INE455I01029,11/19/2024,BSE,EQ,A,buy,False,2,841.3,6299800,1.73199e+18,2024-11-19T09:18:08
HAPPSTMNDS,INE419U01012,11/19/2024,NSE,EQ,EQ,buy,False,2,734.95,200429492,1100000000000000.0,2024-11-19T09:20:43
HAPPSTMNDS,INE419U01012,11/19/2024,NSE,EQ,EQ,buy,False,3,735.0,200429493,1100000000000000.0,2024-11-19T09:20:43
TATAMOTORS,INE155A01022,11/19/2024,BSE,EQ,A,buy,False,5,790.0,870100,1.73199e+18,2024-11-19T09:21:20
AARTIDRUGS,INE767A01016,11/19/2024,BSE,EQ,A,buy,False,5,462.35,18165700,1.73199e+18,2024-11-19T09:30:54
YUKEN,INE384C01016,11/19/2024,BSE,EQ,B,sell,False,1,1136.6,6584000,1.73199e+18,2024-11-19T09:37:07
YUKEN,INE384C01016,11/19/2024,BSE,EQ,B,sell,False,4,1134.7,6584200,1.73199e+18,2024-11-19T09:37:07
M&MFIN,INE774D01024,11/19/2024,NSE,EQ,EQ,buy,False,5,262.0,401452846,1200000000000000.0,2024-11-19T09:44:44
TATASTEEL,INE081A01020,11/19/2024,BSE,EQ,A,buy,False,10,141.55,8181200,1.732e+18,2024-11-19T13:30:38
MANAPPURAM,INE522D01027,11/19/2024,BSE,EQ,A,sell,False,20,156.0,10461500,1.732e+18,2024-11-19T14:18:17
YUKEN,INE384C01016,11/21/2024,NSE,EQ,EQ,buy,False,2,1125.0,600093314,1300000000000000.0,2024-11-21T09:15:10
SBIN,INE062A01020,11/21/2024,NSE,EQ,EQ,buy,False,10,790.0,600114060,1300000000000000.0,2024-11-21T09:15:15
IRFC,INE053F01010,11/21/2024,BSE,EQ,A,sell,False,20,142.05,32423500,1.73216e+18,2024-11-21T09:36:57
PFC,INE134E01011,11/21/2024,NSE,EQ,EQ,buy,False,5,444.2,401548730,1200000000000000.0,2024-11-21T09:38:11
BEL,INE263A01024,11/21/2024,NSE,EQ,EQ,buy,False,5,272.0,1419491,1000000000000000.0,2024-11-21T09:38:53
SOUTHBANK,INE683A01023,11/21/2024,NSE,EQ,EQ,buy,False,100,22.34,601724729,1300000000000000.0,2024-11-21T09:39:37
SBIN,INE062A01020,11/21/2024,NSE,EQ,EQ,buy,False,5,769.8,603618628,1300000000000000.0,2024-11-21T10:35:56
MANAPPURAM,INE522D01027,11/21/2024,BSE,EQ,A,buy,False,10,149.85,4971000,1.73216e+18,2024-11-21T10:36:44
YUKEN,INE384C01016,11/21/2024,NSE,EQ,EQ,buy,False,1,1074.95,607795185,1300000000000000.0,2024-11-21T14:27:15
YUKEN,INE384C01016,11/21/2024,NSE,EQ,EQ,buy,False,1,1075.0,607795186,1300000000000000.0,2024-11-21T14:27:15
LODHA,INE670K01029,11/22/2024,BSE,EQ,A,buy,False,5,1170.0,2842800,1.73225e+18,2024-11-22T09:15:01
YUKEN,INE384C01016,11/22/2024,BSE,EQ,B,buy,False,1,1069.55,1221200,1.73225e+18,2024-11-22T09:18:47
YUKEN,INE384C01016,11/22/2024,BSE,EQ,B,buy,False,1,1065.45,1386400,1.73225e+18,2024-11-22T09:19:34
YUKEN,INE384C01016,11/22/2024,BSE,EQ,B,buy,False,1,1071.75,1386600,1.73225e+18,2024-11-22T09:19:34
HINDCOPPER,INE531E01026,11/22/2024,NSE,EQ,EQ,buy,False,20,264.95,201913866,1100000000000000.0,2024-11-22T10:17:59
BAJAJHFL,INE377Y01014,11/22/2024,BSE,EQ,B,buy,False,20,128.0,2412300,1.73225e+18,2024-11-22T11:10:10
TATASTEEL,INE081A01020,11/22/2024,NSE,EQ,EQ,buy,False,10,142.0,605592743,1300000000000000.0,2024-11-22T13:16:50
BAJAJHFL,INE377Y01014,11/25/2024,BSE,EQ,B,buy,False,10,129.0,181300,1.73251e+18,2024-11-25T09:15:00
TATASTEEL,INE081A01020,11/25/2024,BSE,EQ,A,buy,False,20,144.0,1319900,1.73251e+18,2024-11-25T09:15:03
KSCL,INE455I01029,11/25/2024,NSE,EQ,EQ,buy,False,3,832.0,406428693,1200000000000000.0,2024-11-25T09:15:04
HINDCOPPER,INE531E01026,11/25/2024,BSE,EQ,A,buy,False,10,268.0,86500,1.73251e+18,2024-11-25T09:15:05
AARTIDRUGS,INE767A01016,11/25/2024,NSE,EQ,EQ,buy,False,5,455.0,165364,1000000000000000.0,2024-11-25T09:15:11
LODHA,INE670K01029,11/25/2024,BSE,EQ,A,sell,False,5,1300.1,4345200,1.73251e+18,2024-11-25T09:15:25
YUKEN,INE384C01016,11/25/2024,BSE,EQ,B,buy,False,2,1072.25,6704400,1.73251e+18,2024-11-25T09:45:15
M&MFIN,INE774D01024,11/25/2024,NSE,EQ,EQ,sell,False,10,276.1,404759169,1200000000000000.0,2024-11-25T11:28:44
IRFC,INE053F01010,11/25/2024,BSE,EQ,A,sell,False,10,147.55,87413800,1.73251e+18,2024-11-25T11:32:44
PRICOLLTD,INE726V01018,11/25/2024,BSE,EQ,A,sell,False,9,460.45,87729800,1.73251e+18,2024-11-25T11:34:01
PRICOLLTD,INE726V01018,11/25/2024,BSE,EQ,A,sell,False,1,460.5,87729500,1.73251e+18,2024-11-25T11:34:01
PFC,INE134E01011,11/25/2024,NSE,EQ,EQ,sell,False,35,485.0,408044721,1200000000000000.0,2024-11-25T14:23:26
VSSL,INE050M01012,11/26/2024,NSE,EQ,EQ,sell,False,15,267.9,601718139,1300000000000000.0,2024-11-26T09:57:02
POONAWALLA,INE511C01022,11/26/2024,NSE,EQ,EQ,sell,False,10,364.35,401782158,1200000000000000.0,2024-11-26T09:57:26
YUKEN,INE384C01016,11/26/2024,NSE,EQ,EQ,buy,False,1,1049.8,601781811,1300000000000000.0,2024-11-26T09:59:21
PRICOLLTD,INE726V01018,11/26/2024,NSE,EQ,EQ,sell,False,10,465.0,403774508,1200000000000000.0,2024-11-26T10:43:15
VSSL,INE050M01012,11/26/2024,NSE,EQ,EQ,sell,False,8,268.15,602990887,1300000000000000.0,2024-11-26T10:54:25
VSSL,INE050M01012,11/26/2024,NSE,EQ,EQ,sell,False,2,268.1,602990888,1300000000000000.0,2024-11-26T10:54:25
SBIN,INE062A01020,11/27/2024,BSE,EQ,A,sell,False,15,835.0,45400,1.73268e+18,2024-11-27T09:15:10
KSCL,INE455I01029,11/27/2024,BSE,EQ,A,sell,False,2,858.05,19995300,1.73268e+18,2024-11-27T09:36:49
BDL,INE171Z01026,11/27/2024,BSE,EQ,A,sell,False,5,1089.95,72460400,1.73269e+18,2024-11-27T11:31:50
YUKEN,INE384C01016,11/27/2024,NSE,EQ,EQ,buy,False,1,1065.2,604430304,1300000000000000.0,2024-11-27T11:47:00
TIINDIA,INE974X01010,11/27/2024,BSE,EQ,A,buy,False,1,3400.0,3146900,1.73269e+18,2024-11-27T14:38:46
TIINDIA,INE974X01010,11/28/2024,BSE,EQ,A,sell,False,1,3550.0,1057000,1.73277e+18,2024-11-28T10:31:53
BAJAJHFL,INE377Y01014,11/28/2024,NSE,EQ,EQ,sell,False,30,137.0,3727322,1000000000000000.0,2024-11-28T10:41:45
BDL,INE171Z01026,11/28/2024,BSE,EQ,A,sell,False,4,1143.65,87662900,1.73277e+18,2024-11-28T11:21:03
LICHSGFIN,INE115A01026,11/28/2024,BSE,EQ,A,sell,False,5,633.25,1991300,1.73277e+18,2024-11-28T11:23:36
HINDCOPPER,INE531E01026,11/28/2024,BSE,EQ,A,sell,False,18,275.0,4782300,1.73277e+18,2024-11-28T13:13:28
HINDCOPPER,INE531E01026,11/28/2024,BSE,EQ,A,sell,False,1,275.0,4779800,1.73277e+18,2024-11-28T13:13:28
HINDCOPPER,INE531E01026,11/28/2024,BSE,EQ,A,sell,False,1,275.0,4780300,1.73277e+18,2024-11-28T13:13:28
POONAWALLA,INE511C01022,11/29/2024,BSE,EQ,A,buy,False,5,358.45,68436300,1.73286e+18,2024-11-29T10:51:32
BDL,INE171Z01026,12/2/2024,BSE,EQ,A,sell,False,5,1127.15,12495300,1.73311e+18,2024-12-02T09:18:41
BEL,INE263A01024,12/2/2024,NSE,EQ,EQ,sell,False,24,304.35,4042587,1000000000000000.0,2024-12-02T11:35:12
BEL,INE263A01024,12/2/2024,NSE,EQ,EQ,sell,False,21,304.35,4042588,1000000000000000.0,2024-12-02T11:35:12
YUKEN,INE384C01016,12/2/2024,BSE,EQ,B,sell,False,2,1096.3,23167900,1.73312e+18,2024-12-02T11:49:13
YUKEN,INE384C01016,12/2/2024,BSE,EQ,B,sell,False,1,1097.5,23167700,1.73312e+18,2024-12-02T11:49:13
HAPPSTMNDS,INE419U01012,12/2/2024,BSE,EQ,A,sell,False,8,770.65,133273200,1.73313e+18,2024-12-02T14:10:25
HAPPSTMNDS,INE419U01012,12/2/2024,BSE,EQ,A,sell,False,2,771.0,133273000,1.73313e+18,2024-12-02T14:10:25
POONAWALLA,INE511C01022,12/2/2024,BSE,EQ,A,buy,False,5,345.55,133120200,1.73313e+18,2024-12-02T14:13:57
TATASTEEL,INE081A01020,12/3/2024,NSE,EQ,EQ,sell,False,20,147.04,603505760,1300000000000000.0,2024-12-03T10:44:22
POONAWALLA,INE511C01022,12/3/2024,BSE,EQ,A,buy,False,5,346.35,61545500,1.7332e+18,2024-12-03T10:46:34
FIVESTAR,INE128S01021,12/3/2024,NSE,EQ,EQ,buy,False,5,634.7,207485863,1100000000000000.0,2024-12-03T13:49:16
PRICOLLTD,INE726V01018,12/4/2024,NSE,EQ,EQ,sell,False,4,495.1,405964877,1200000000000000.0,2024-12-04T12:01:13
PRICOLLTD,INE726V01018,12/4/2024,NSE,EQ,EQ,sell,False,16,495.1,405964873,1200000000000000.0,2024-12-04T12:01:13
PRICOLLTD,INE726V01018,12/4/2024,NSE,EQ,EQ,sell,False,1,495.1,405964874,1200000000000000.0,2024-12-04T12:01:13
PRICOLLTD,INE726V01018,12/4/2024,NSE,EQ,EQ,sell,False,8,495.1,405964875,1200000000000000.0,2024-12-04T12:01:13
PRICOLLTD,INE726V01018,12/4/2024,NSE,EQ,EQ,sell,False,1,495.1,405964876,1200000000000000.0,2024-12-04T12:01:13
BDL,INE171Z01026,12/5/2024,BSE,EQ,A,sell,False,10,1200.0,25620900,1.73337e+18,2024-12-05T09:38:55
AARTIDRUGS,INE767A01016,12/5/2024,BSE,EQ,A,buy,False,5,456.7,87080700,1.73338e+18,2024-12-05T12:22:20
KSCL,INE455I01029,12/6/2024,NSE,EQ,EQ,sell,False,7,950.0,400888823,1200000000000000.0,2024-12-06T09:31:40
KSCL,INE455I01029,12/6/2024,NSE,EQ,EQ,sell,False,3,950.0,400888824,1200000000000000.0,2024-12-06T09:31:40
M&MFIN,INE774D01024,12/6/2024,NSE,EQ,EQ,sell,False,2,280.0,403482077,1200000000000000.0,2024-12-06T10:54:12
M&MFIN,INE774D01024,12/6/2024,NSE,EQ,EQ,sell,False,13,280.0,403482078,1200000000000000.0,2024-12-06T10:54:12
IRFC,INE053F01010,12/9/2024,NSE,EQ,EQ,sell,False,100,158.0,202848396,1100000000000000.0,2024-12-09T10:10:52
POONAWALLA,INE511C01022,12/9/2024,BSE,EQ,A,buy,False,5,343.1,11302600,1.73373e+18,2024-12-09T13:14:13
SOUTHBANK,INE683A01023,12/10/2024,BSE,EQ,A,sell,False,500,26.01,1617400,1.7338e+18,2024-12-10T09:28:35
ITDC,INE353K01014,12/10/2024,BSE,EQ,B,sell,False,10,665.0,17262300,1.7338e+18,2024-12-10T10:05:01
IRFC,INE053F01010,12/10/2024,NSE,EQ,EQ,buy,False,50,156.0,203029749,1100000000000000.0,2024-12-10T10:11:15
IRFC,INE053F01010,12/10/2024,NSE,EQ,EQ,sell,False,50,156.25,203646028,1100000000000000.0,2024-12-10T10:50:23
TPHQ,INE065J01024,12/10/2024,BSE,EQ,B,sell,False,100,1.96,24614500,1.73381e+18,2024-12-10T10:51:11
LICHSGFIN,INE115A01026,12/10/2024,BSE,EQ,A,sell,False,5,625.0,9751100,1.73381e+18,2024-12-10T12:41:15
PNCINFRA,INE195J01029,12/11/2024,BSE,EQ,A,sell,False,1,340.0,8164600,1.7339e+18,2024-12-11T11:31:59
PNCINFRA,INE195J01029,12/11/2024,BSE,EQ,A,sell,False,9,340.0,8164700,1.7339e+18,2024-12-11T11:31:59
VSSL,INE050M01012,12/11/2024,BSE,EQ,B,buy,False,10,253.1,26127200,1.7339e+18,2024-12-11T12:58:33
FIVESTAR,INE128S01021,12/12/2024,BSE,EQ,A,buy,False,5,640.0,388400,1.73397e+18,2024-12-12T09:15:10
BAJAJHFL,INE377Y01014,12/12/2024,BSE,EQ,B,sell,False,30,137.0,196500,1.73397e+18,2024-12-12T09:15:53
HINDCOPPER,INE531E01026,12/12/2024,BSE,EQ,A,sell,False,20,286.0,1545900,1.73398e+18,2024-12-12T11:25:59
PNCINFRA,INE195J01029,12/12/2024,BSE,EQ,A,buy,False,5,336.0,9037200,1.73399e+18,2024-12-12T13:16:21
BAJAJHFL,INE377Y01014,12/12/2024,BSE,EQ,B,buy,False,10,133.1,13401600,1.73399e+18,2024-12-12T13:17:33
VSSL,INE050M01012,12/12/2024,NSE,EQ,EQ,buy,False,5,252.7,605979862,1300000000000000.0,2024-12-12T13:17:50
ITDC,INE353K01014,12/12/2024,NSE,EQ,EQ,buy,False,5,655.0,205634927,1100000000000000.0,2024-12-12T13:29:24
POONAWALLA,INE511C01022,12/13/2024,BSE,EQ,A,sell,False,10,355.1,170800,1.73406e+18,2024-12-13T09:15:05
HINDCOPPER,INE531E01026,12/13/2024,NSE,EQ,EQ,sell,False,53,285.0,200799609,1100000000000000.0,2024-12-13T09:28:30
HINDCOPPER,INE531E01026,12/13/2024,NSE,EQ,EQ,sell,False,1,285.0,200797570,1100000000000000.0,2024-12-13T09:28:30
HINDCOPPER,INE531E01026,12/13/2024,NSE,EQ,EQ,sell,False,5,285.0,200797650,1100000000000000.0,2024-12-13T09:28:30
HINDCOPPER,INE531E01026,12/13/2024,NSE,EQ,EQ,sell,False,1,285.0,200799146,1100000000000000.0,2024-12-13T09:28:30
TATASTEEL,INE081A01020,12/13/2024,BSE,EQ,A,sell,False,20,146.65,2359900,1.73406e+18,2024-12-13T09:31:52
ELECTCAST,INE086A01029,12/13/2024,NSE,EQ,EQ,buy,False,50,155.0,201786824,1100000000000000.0,2024-12-13T09:55:01
MANAPPURAM,INE522D01027,12/13/2024,BSE,EQ,A,sell,False,70,174.0,4340200,1.73406e+18,2024-12-13T10:12:13
YUKEN,INE384C01016,12/13/2024,NSE,EQ,EQ,sell,False,3,1101.25,605951285,1300000000000000.0,2024-12-13T13:10:54
HAPPSTMNDS,INE419U01012,12/16/2024,BSE,EQ,A,buy,False,4,750.0,634500,1.73432e+18,2024-12-16T09:17:30
HAPPSTMNDS,INE419U01012,12/16/2024,BSE,EQ,A,buy,False,1,750.0,412200,1.73432e+18,2024-12-16T09:17:30
PNCINFRA,INE195J01029,12/16/2024,BSE,EQ,A,buy,False,5,335.0,2542500,1.73432e+18,2024-12-16T09:41:11
FIVESTAR,INE128S01021,12/16/2024,BSE,EQ,A,sell,False,10,685.85,14084000,1.73434e+18,2024-12-16T14:10:18
BAJAJHFL,INE377Y01014,12/16/2024,NSE,EQ,EQ,buy,False,10,130.08,4717862,1000000000000000.0,2024-12-16T14:12:22
MANAPPURAM,INE522D01027,12/18/2024,NSE,EQ,EQ,sell,False,37,180.0,400122226,1200000000000000.0,2024-12-18T09:15:43
MANAPPURAM,INE522D01027,12/18/2024,NSE,EQ,EQ,sell,False,21,180.0,400122222,1200000000000000.0,2024-12-18T09:15:43
MANAPPURAM,INE522D01027,12/18/2024,NSE,EQ,EQ,sell,False,10,180.0,400122223,1200000000000000.0,2024-12-18T09:15:43
MANAPPURAM,INE522D01027,12/18/2024,NSE,EQ,EQ,sell,False,2,180.0,400122224,1200000000000000.0,2024-12-18T09:15:43
ELECTCAST,INE086A01029,12/18/2024,BSE,EQ,A,buy,False,17,152.45,223400,1.73449e+18,2024-12-18T09:16:25
ELECTCAST,INE086A01029,12/18/2024,BSE,EQ,A,buy,False,13,152.7,223600,1.73449e+18,2024-12-18T09:16:25
BDL,INE171Z01026,12/18/2024,NSE,EQ,EQ,sell,False,10,1255.0,4568600,1000000000000000.0,2024-12-18T12:34:29
FIVESTAR,INE128S01021,12/19/2024,BSE,EQ,A,sell,False,10,720.0,664800,1.73458e+18,2024-12-19T09:15:02
IRFC,INE053F01010,12/19/2024,NSE,EQ,EQ,buy,False,22,149.1,200081699,1100000000000000.0,2024-12-19T09:15:11
IRFC,INE053F01010,12/19/2024,NSE,EQ,EQ,buy,False,28,149.1,200081698,1100000000000000.0,2024-12-19T09:15:11
VSSL,INE050M01012,12/20/2024,BSE,EQ,B,buy,False,10,253.0,338600,1.73467e+18,2024-12-20T09:15:04
TATASTEEL,INE081A01020,12/20/2024,BSE,EQ,A,buy,False,10,143.15,16445200,1.73468e+18,2024-12-20T13:17:03
IRFC,INE053F01010,12/20/2024,BSE,EQ,A,buy,False,10,150.45,9279400,1.73468e+18,2024-12-20T13:18:37
YUKEN,INE384C01016,12/20/2024,NSE,EQ,EQ,buy,False,2,1080.25,605581776,1300000000000000.0,2024-12-20T13:18:50
TATASTEEL,INE081A01020,12/20/2024,BSE,EQ,A,buy,False,10,143.0,16600600,1.73468e+18,2024-12-20T13:19:02
VSSL,INE050M01012,12/20/2024,BSE,EQ,B,buy,False,5,244.95,26505400,1.73468e+18,2024-12-20T13:19:23
HINDCOPPER,INE531E01026,12/20/2024,NSE,EQ,EQ,buy,False,28,270.45,209472660,1100000000000000.0,2024-12-20T15:16:32
HINDCOPPER,INE531E01026,12/20/2024,NSE,EQ,EQ,buy,False,2,270.45,209472659,1100000000000000.0,2024-12-20T15:16:32
ELECTCAST,INE086A01029,12/23/2024,BSE,EQ,A,buy,False,7,144.0,300316200,1.73492e+18,2024-12-23T09:15:03
ELECTCAST,INE086A01029,12/23/2024,BSE,EQ,A,buy,False,13,144.0,300322700,1.73492e+18,2024-12-23T09:15:03
M&MFIN,INE774D01024,12/23/2024,BSE,EQ,A,buy,False,10,270.0,300152400,1.73492e+18,2024-12-23T09:18:42
TATASTEEL,INE081A01020,12/23/2024,BSE,EQ,A,buy,False,10,142.35,303857200,1.73493e+18,2024-12-23T09:34:59
TIINDIA,INE974X01010,12/23/2024,NSE,EQ,EQ,sell,False,1,3626.85,601695209,1300000000000000.0,2024-12-23T09:45:56
TIINDIA,INE974X01010,12/23/2024,NSE,EQ,EQ,sell,False,1,3626.85,601695210,1300000000000000.0,2024-12-23T09:45:56
TIINDIA,INE974X01010,12/23/2024,NSE,EQ,EQ,sell,False,1,3626.3,601695211,1300000000000000.0,2024-12-23T09:45:56
HINDCOPPER,INE531E01026,12/23/2024,NSE,EQ,EQ,buy,False,10,266.6,201728524,1100000000000000.0,2024-12-23T09:46:20
YUKEN,INE384C01016,12/23/2024,NSE,EQ,EQ,buy,False,2,1036.8,601714752,1300000000000000.0,2024-12-23T09:46:38
POONAWALLA,INE511C01022,12/24/2024,BSE,EQ,A,buy,False,10,325.0,301761500,1.73501e+18,2024-12-24T09:40:33
POONAWALLA,INE511C01022,12/24/2024,NSE,EQ,EQ,buy,False,10,324.95,400979672,1200000000000000.0,2024-12-24T09:40:52
LICHSGFIN,INE115A01026,12/24/2024,BSE,EQ,A,buy,False,10,590.0,302170400,1.73501e+18,2024-12-24T09:51:57
PNCINFRA,INE195J01029,12/24/2024,NSE,EQ,EQ,buy,False,10,310.0,401512599,1200000000000000.0,2024-12-24T10:00:54
YUKEN,INE384C01016,12/24/2024,BSE,EQ,B,buy,False,2,1040.0,324512700,1.73501e+18,2024-12-24T12:11:09
AARTIDRUGS,INE767A01016,12/24/2024,NSE,EQ,EQ,buy,False,1,431.1,4892830,1000000000000000.0,2024-12-24T15:07:16
AARTIDRUGS,INE767A01016,12/24/2024,NSE,EQ,EQ,buy,False,9,431.1,4892831,1000000000000000.0,2024-12-24T15:07:16
RAJESHEXPO,INE343B01030,12/26/2024,NSE,EQ,EQ,buy,False,10,236.0,601841681,1300000000000000.0,2024-12-26T09:15:01
PNCINFRA,INE195J01029,12/26/2024,BSE,EQ,A,buy,False,10,315.0,3072500,1.73518e+18,2024-12-26T09:15:03
HAPPSTMNDS,INE419U01012,12/26/2024,NSE,EQ,EQ,buy,False,5,714.85,200783354,1100000000000000.0,2024-12-26T09:29:16
HINDCOPPER,INE531E01026,12/26/2024,BSE,EQ,A,buy,False,1,265.1,3481000,1.73519e+18,2024-12-26T12:46:50
HINDCOPPER,INE531E01026,12/26/2024,BSE,EQ,A,buy,False,9,265.15,3481200,1.73519e+18,2024-12-26T12:46:50
VSSL,INE050M01012,12/26/2024,BSE,EQ,B,buy,False,10,235.0,24365300,1.7352e+18,2024-12-26T13:02:50
VSSL,INE050M01012,12/27/2024,BSE,EQ,B,buy,False,9,235.0,450900,1.73527e+18,2024-12-27T09:15:05
VSSL,INE050M01012,12/27/2024,BSE,EQ,B,buy,False,1,231.55,450800,1.73527e+18,2024-12-27T09:15:05
LICHSGFIN,INE115A01026,12/27/2024,NSE,EQ,EQ,buy,False,10,595.0,401384316,1200000000000000.0,2024-12-27T09:52:53
HINDCOPPER,INE531E01026,12/27/2024,BSE,EQ,A,buy,False,10,262.85,996000,1.73527e+18,2024-12-27T09:57:15
IRFC,INE053F01010,12/27/2024,NSE,EQ,EQ,buy,False,20,147.39,201648024,1100000000000000.0,2024-12-27T09:58:38
TATASTEEL,INE081A01020,12/27/2024,NSE,EQ,EQ,buy,False,10,141.09,601370645,1300000000000000.0,2024-12-27T09:58:59
BAJAJHFL,INE377Y01014,12/27/2024,BSE,EQ,B,buy,False,20,128.0,3857200,1.73527e+18,2024-12-27T10:22:33
INSECTICID,INE070I01018,12/27/2024,NSE,EQ,EQ,buy,False,10,700.0,203010939,1100000000000000.0,2024-12-27T11:08:08
HERANBA,INE694N01015,12/27/2024,NSE,EQ,EQ,buy,False,10,414.65,204006594,1100000000000000.0,2024-12-27T12:06:18
HERANBA,INE694N01015,12/27/2024,NSE,EQ,EQ,buy,False,10,414.85,204006595,1100000000000000.0,2024-12-27T12:06:18
FIVESTAR,INE128S01021,12/27/2024,BSE,EQ,A,sell,False,20,780.4,9630500,1.73528e+18,2024-12-27T12:42:58
JPPOWER,INE351F01018,12/30/2024,NSE,EQ,EQ,buy,False,60,17.09,400050516,1200000000000000.0,2024-12-30T09:15:03
INSECTICID,INE070I01018,12/30/2024,BSE,EQ,B,buy,False,10,699.55,2129300,1.73553e+18,2024-12-30T09:18:20
DHARMAJ,INE00OQ01016,12/30/2024,NSE,EQ,EQ,buy,False,30,265.0,200452589,1100000000000000.0,2024-12-30T09:21:08
FIVESTAR,INE128S01021,12/30/2024,BSE,EQ,A,sell,False,5,784.1,1346600,1.73553e+18,2024-12-30T09:22:20
FIVESTAR,INE128S01021,12/30/2024,BSE,EQ,A,sell,False,15,784.35,1346400,1.73553e+18,2024-12-30T09:22:20
LICHSGFIN,INE115A01026,12/30/2024,NSE,EQ,EQ,buy,False,5,596.8,400765837,1200000000000000.0,2024-12-30T09:27:02
ITDC,INE353K01014,12/30/2024,BSE,EQ,B,buy,False,10,620.0,12539500,1.73553e+18,2024-12-30T09:59:50
HAPPSTMNDS,INE419U01012,12/30/2024,NSE,EQ,EQ,sell,False,5,750.0,203920472,1100000000000000.0,2024-12-30T11:39:13
AARTIDRUGS,INE767A01016,12/30/2024,BSE,EQ,A,sell,False,10,470.0,6626300,1.73554e+18,2024-12-30T12:30:33
TATAPOWER,INE245A01021,12/30/2024,NSE,EQ,EQ,buy,False,20,395.0,604344038,1300000000000000.0,2024-12-30T12:41:19
SBIN,INE062A01020,12/30/2024,NSE,EQ,EQ,buy,False,10,790.0,605473867,1300000000000000.0,2024-12-30T13:46:34
TTL-T,INE592B01016,12/30/2024,BSE,EQ,T,buy,False,80,151.0,5780000,1.73553e+18,2024-12-30T13:47:56
BEARDSELL,INE520H01022,12/30/2024,NSE,EQ,EQ,buy,False,50,38.47,5539278,1000000000000000.0,2024-12-30T14:11:31
BEARDSELL,INE520H01022,12/30/2024,NSE,EQ,EQ,buy,False,178,38.5,5539281,1000000000000000.0,2024-12-30T14:11:31
BEARDSELL,INE520H01022,12/30/2024,NSE,EQ,EQ,buy,False,56,38.48,5539279,1000000000000000.0,2024-12-30T14:11:31
BEARDSELL,INE520H01022,12/30/2024,NSE,EQ,EQ,buy,False,16,38.49,5539280,1000000000000000.0,2024-12-30T14:11:31
YUKEN,INE384C01016,12/30/2024,BSE,EQ,B,buy,False,4,1000.0,41826100,1.73555e+18,2024-12-30T14:55:20
BEL,INE263A01024,12/30/2024,NSE,EQ,EQ,buy,False,30,285.0,7453388,1000000000000000.0,2024-12-30T15:09:49
IRFC,INE053F01010,12/31/2024,BSE,EQ,A,buy,False,20,148.0,4355500,1.73562e+18,2024-12-31T10:35:24
DHARMAJ,INE00OQ01016,12/31/2024,BSE,EQ,B,buy,False,10,254.25,4589000,1.73562e+18,2024-12-31T10:37:25
TATAPOWER,INE245A01021,12/31/2024,BSE,EQ,A,buy,False,10,387.4,2151300,1.73562e+18,2024-12-31T10:37:52
DCMSRIND,INE843D01027,12/31/2024,NSE,EQ,EQ,buy,False,60,182.0,205030803,1100000000000000.0,2024-12-31T12:13:31
ELECTCAST,INE086A01029,12/31/2024,NSE,EQ,EQ,buy,False,30,138.0,205867583,1100000000000000.0,2024-12-31T13:25:55
HERANBA,INE694N01015,12/31/2024,NSE,EQ,EQ,buy,False,5,410.0,207003288,1100000000000000.0,2024-12-31T14:03:23
BMW,INE374E01021,1/1/2025,BSE,EQ,B,buy,False,200,56.0,619200,1.7357e+18,2025-01-01T09:15:17
VSSL,INE050M01012,1/1/2025,BSE,EQ,B,buy,False,1,232.0,11471100,1.73571e+18,2025-01-01T10:33:25
VSSL,INE050M01012,1/1/2025,BSE,EQ,B,buy,False,9,232.0,11471200,1.73571e+18,2025-01-01T10:33:25
YUKEN,INE384C01016,1/1/2025,BSE,EQ,B,sell,False,1,1067.0,12476400,1.73571e+18,2025-01-01T10:46:57
YUKEN,INE384C01016,1/1/2025,BSE,EQ,B,sell,False,2,1064.55,12476600,1.73571e+18,2025-01-01T10:46:57
INSECTICID,INE070I01018,1/1/2025,BSE,EQ,B,buy,False,5,686.0,38017700,1.73572e+18,2025-01-01T15:14:40
LODHA,INE670K01029,1/2/2025,NSE,EQ,EQ,buy,False,10,1370.0,400030693,1200000000000000.0,2025-01-02T09:15:00
INSECTICID,INE070I01018,1/2/2025,BSE,EQ,B,buy,False,2,689.55,16743700,1.73579e+18,2025-01-02T10:25:07
LICHSGFIN,INE115A01026,1/2/2025,BSE,EQ,A,sell,False,10,605.0,9689300,1.73579e+18,2025-01-02T10:33:08
BMW,INE374E01021,1/2/2025,BSE,EQ,B,buy,False,100,55.99,9306800,1.73579e+18,2025-01-02T10:34:25
BEARDSELL,INE520H01022,1/2/2025,NSE,EQ,EQ,sell,False,240,40.85,2438454,1000000000000000.0,2025-01-02T11:03:33
BEARDSELL,INE520H01022,1/2/2025,NSE,EQ,EQ,sell,False,60,40.77,2438455,1000000000000000.0,2025-01-02T11:03:33
POONAWALLA,INE511C01022,1/2/2025,NSE,EQ,EQ,buy,False,10,320.95,405877995,1200000000000000.0,2025-01-02T13:36:39
VSSL,INE050M01012,1/3/2025,BSE,EQ,B,sell,False,13,237.75,8040200,1.73588e+18,2025-01-03T09:20:06
VSSL,INE050M01012,1/3/2025,BSE,EQ,B,sell,False,7,237.8,8040000,1.73588e+18,2025-01-03T09:20:06
ITDC,INE353K01014,1/3/2025,NSE,EQ,EQ,sell,False,15,659.0,200955232,1100000000000000.0,2025-01-03T09:26:31
TATASTEEL,INE081A01020,1/3/2025,BSE,EQ,A,buy,False,20,139.0,1846800,1.73588e+18,2025-01-03T09:27:24
M&MFIN,INE774D01024,1/3/2025,BSE,EQ,A,sell,False,20,279.3,753800,1.73588e+18,2025-01-03T09:28:39
TATATECH,INE142M01025,1/3/2025,NSE,EQ,EQ,buy,False,10,910.0,601057773,1300000000000000.0,2025-01-03T09:31:13
HINDCOPPER,INE531E01026,1/3/2025,NSE,EQ,EQ,buy,False,20,252.0,200953332,1100000000000000.0,2025-01-03T09:32:31
BMW,INE374E01021,1/3/2025,BSE,EQ,B,buy,False,50,55.75,4334600,1.73588e+18,2025-01-03T09:51:51
ITDC,INE353K01014,1/6/2025,BSE,EQ,B,sell,False,16,700.0,1680400,1.73613e+18,2025-01-06T09:15:51
ITDC,INE353K01014,1/6/2025,BSE,EQ,B,sell,False,4,700.0,1680800,1.73613e+18,2025-01-06T09:15:51
TATATECH,INE142M01025,1/6/2025,BSE,EQ,A,buy,False,5,898.5,3744400,1.73614e+18,2025-01-06T09:28:26
HERANBA,INE694N01015,1/6/2025,NSE,EQ,EQ,buy,False,1,404.25,201430128,1100000000000000.0,2025-01-06T09:36:40
HERANBA,INE694N01015,1/6/2025,NSE,EQ,EQ,buy,False,1,404.25,201430127,1100000000000000.0,2025-01-06T09:36:40
HERANBA,INE694N01015,1/6/2025,NSE,EQ,EQ,buy,False,8,404.3,201430129,1100000000000000.0,2025-01-06T09:36:40
SBIN,INE062A01020,1/6/2025,BSE,EQ,A,buy,False,5,780.0,3186000,1.73613e+18,2025-01-06T09:38:19
SOUTHBANK,INE683A01023,1/6/2025,NSE,EQ,EQ,sell,False,1000,26.3,603295186,1300000000000000.0,2025-01-06T10:42:12
ITDC,INE353K01014,1/6/2025,BSE,EQ,B,buy,False,15,683.45,24381000,1.73614e+18,2025-01-06T10:56:24
ITDC,INE353K01014,1/6/2025,BSE,EQ,B,buy,False,5,683.5,24381200,1.73614e+18,2025-01-06T10:56:24
SOUTHBANK,INE683A01023,1/6/2025,NSE,EQ,EQ,buy,False,295,26.17,603773096,1300000000000000.0,2025-01-06T10:57:56
SOUTHBANK,INE683A01023,1/6/2025,NSE,EQ,EQ,buy,False,348,26.17,603773095,1300000000000000.0,2025-01-06T10:57:56
SOUTHBANK,INE683A01023,1/6/2025,NSE,EQ,EQ,buy,False,50,26.17,603773094,1300000000000000.0,2025-01-06T10:57:56
SOUTHBANK,INE683A01023,1/6/2025,NSE,EQ,EQ,buy,False,122,26.18,603773097,1300000000000000.0,2025-01-06T10:57:56
SOUTHBANK,INE683A01023,1/6/2025,NSE,EQ,EQ,buy,False,185,26.17,603773093,1300000000000000.0,2025-01-06T10:57:56
IRFC,INE053F01010,1/6/2025,NSE,EQ,EQ,sell,False,20,148.81,204273669,1100000000000000.0,2025-01-06T11:07:44
TATACHEM,INE092A01019,1/6/2025,NSE,EQ,EQ,buy,False,10,1000.0,604104026,1300000000000000.0,2025-01-06T11:08:35
JPPOWER,INE351F01018,1/6/2025,BSE,EQ,A,buy,False,8,17.13,7189200,1.73614e+18,2025-01-06T11:19:47
JPPOWER,INE351F01018,1/6/2025,BSE,EQ,A,buy,False,492,17.14,7189500,1.73614e+18,2025-01-06T11:19:47
YUKEN,INE384C01016,1/6/2025,BSE,EQ,B,sell,False,2,1050.0,20910200,1.73614e+18,2025-01-06T11:35:24
YUKEN,INE384C01016,1/6/2025,BSE,EQ,B,sell,False,1,1050.0,20923800,1.73614e+18,2025-01-06T11:35:24
YUKEN,INE384C01016,1/6/2025,BSE,EQ,B,sell,False,1,1050.0,20910400,1.73614e+18,2025-01-06T11:35:24
YUKEN,INE384C01016,1/6/2025,BSE,EQ,B,sell,False,1,1050.0,21002400,1.73614e+18,2025-01-06T11:35:24
TDPOWERSYS,INE419M01027,1/6/2025,NSE,EQ,EQ,buy,False,16,438.9,607635124,1300000000000000.0,2025-01-06T13:27:47
TDPOWERSYS,INE419M01027,1/6/2025,NSE,EQ,EQ,buy,False,3,438.9,607635122,1300000000000000.0,2025-01-06T13:27:47
TDPOWERSYS,INE419M01027,1/6/2025,NSE,EQ,EQ,buy,False,1,438.9,607635123,1300000000000000.0,2025-01-06T13:27:47
TTL-BE,INE592B01016,1/6/2025,NSE,EQ,BE,sell,False,30,153.0,608050829,1300000000000000.0,2025-01-06T13:34:25
TTL-BE,INE592B01016,1/6/2025,NSE,EQ,BE,sell,False,50,153.0,608050185,1300000000000000.0,2025-01-06T13:34:25
BEARDSELL,INE520H01022,1/6/2025,NSE,EQ,EQ,buy,False,300,38.48,6107287,1000000000000000.0,2025-01-06T13:42:40
DCMSRIND,INE843D01027,1/6/2025,BSE,EQ,B,sell,False,14,185.05,6497700,1.73615e+18,2025-01-06T14:28:48
DCMSRIND,INE843D01027,1/6/2025,BSE,EQ,B,sell,False,46,185.0,6498200,1.73615e+18,2025-01-06T14:28:48
BMW,INE374E01021,1/7/2025,BSE,EQ,B,buy,False,20,53.5,359900,1.73622e+18,2025-01-07T09:15:06
HERANBA,INE694N01015,1/7/2025,NSE,EQ,EQ,buy,False,5,395.0,200365635,1100000000000000.0,2025-01-07T09:18:28
ELECTCAST,INE086A01029,1/7/2025,BSE,EQ,A,buy,False,20,135.0,504900,1.73622e+18,2025-01-07T09:24:10
BEL,INE263A01024,1/7/2025,NSE,EQ,EQ,buy,False,10,285.0,766335,1000000000000000.0,2025-01-07T09:30:42
HINDCOPPER,INE531E01026,1/7/2025,BSE,EQ,A,buy,False,10,240.0,689400,1.73622e+18,2025-01-07T09:33:04
LODHA,INE670K01029,1/7/2025,NSE,EQ,EQ,buy,False,2,1352.65,401235025,1200000000000000.0,2025-01-07T09:34:07
LODHA,INE670K01029,1/7/2025,NSE,EQ,EQ,buy,False,3,1352.65,401235026,1200000000000000.0,2025-01-07T09:34:07
LICHSGFIN,INE115A01026,1/7/2025,NSE,EQ,EQ,buy,False,5,595.7,401426677,1200000000000000.0,2025-01-07T09:38:39
TATAPOWER,INE245A01021,1/7/2025,BSE,EQ,A,buy,False,10,383.1,831200,1.73622e+18,2025-01-07T09:39:13
VSSL,INE050M01012,1/7/2025,BSE,EQ,B,buy,False,1,235.1,5971100,1.73622e+18,2025-01-07T09:39:52
VSSL,INE050M01012,1/7/2025,BSE,EQ,B,buy,False,1,235.05,5970900,1.73622e+18,2025-01-07T09:39:52
VSSL,INE050M01012,1/7/2025,BSE,EQ,B,buy,False,3,235.4,5971300,1.73622e+18,2025-01-07T09:39:52
INSECTICID,INE070I01018,1/7/2025,BSE,EQ,B,buy,False,5,669.9,41478000,1.73624e+18,2025-01-07T14:18:01
LODHA,INE670K01029,1/7/2025,NSE,EQ,EQ,buy,False,2,1341.5,409578038,1200000000000000.0,2025-01-07T15:11:02
ZOMATO,INE758T01015,1/8/2025,NSE,EQ,EQ,buy,False,5,249.85,600193778,1300000000000000.0,2025-01-08T09:16:33
ZOMATO,INE758T01015,1/8/2025,NSE,EQ,EQ,buy,False,35,249.85,600193779,1300000000000000.0,2025-01-08T09:16:33
BEARDSELL,INE520H01022,1/8/2025,NSE,EQ,EQ,sell,False,24,39.6,383731,1000000000000000.0,2025-01-08T09:21:15
BEARDSELL,INE520H01022,1/8/2025,NSE,EQ,EQ,sell,False,276,39.6,383730,1000000000000000.0,2025-01-08T09:21:15
TDPOWERSYS,INE419M01027,1/8/2025,BSE,EQ,A,sell,False,20,442.45,1298400,1.73631e+18,2025-01-08T09:23:17
LODHA,INE670K01029,1/8/2025,NSE,EQ,EQ,buy,False,2,1330.4,401001659,1200000000000000.0,2025-01-08T09:29:19
TATATECH,INE142M01025,1/8/2025,BSE,EQ,A,sell,False,15,907.0,2863400,1.73631e+18,2025-01-08T09:31:03
ITDC,INE353K01014,1/8/2025,BSE,EQ,B,sell,False,2,648.0,12241400,1.73631e+18,2025-01-08T09:49:44
ITDC,INE353K01014,1/8/2025,BSE,EQ,B,sell,False,1,648.0,12241600,1.73631e+18,2025-01-08T09:49:44
ITDC,INE353K01014,1/8/2025,BSE,EQ,B,sell,False,1,648.0,12230400,1.73631e+18,2025-01-08T09:49:44
ITDC,INE353K01014,1/8/2025,BSE,EQ,B,sell,False,1,648.0,12230200,1.73631e+18,2025-01-08T09:49:44
ITDC,INE353K01014,1/8/2025,BSE,EQ,B,sell,False,1,648.0,12230000,1.73631e+18,2025-01-08T09:49:44
ITDC,INE353K01014,1/8/2025,BSE,EQ,B,sell,False,4,648.0,12968400,1.73631e+18,2025-01-08T09:49:44
CCL,INE421D01022,1/8/2025,NSE,EQ,EQ,buy,False,10,690.0,3944994,1000000000000000.0,2025-01-08T11:52:05
TATATECH,INE142M01025,1/8/2025,BSE,EQ,A,buy,False,10,890.0,12094800,1.73632e+18,2025-01-08T12:07:48
GTLINFRA,INE221H01019,1/8/2025,NSE,EQ,EQ,buy,False,2000,1.92,205941978,1100000000000000.0,2025-01-08T12:27:52
YUKEN,INE384C01016,1/8/2025,NSE,EQ,EQ,buy,False,3,1007.7,607328191,1300000000000000.0,2025-01-08T14:27:36
M&MFIN,INE774D01024,1/8/2025,NSE,EQ,EQ,sell,False,20,278.35,408527808,1200000000000000.0,2025-01-08T14:29:58
LICHSGFIN,INE115A01026,1/8/2025,NSE,EQ,EQ,buy,False,5,585.75,408542628,1200000000000000.0,2025-01-08T14:30:26
JPPOWER,INE351F01018,1/8/2025,BSE,EQ,A,buy,False,40,17.09,7391500,1.73632e+18,2025-01-08T14:31:51
BEL,INE263A01024,1/8/2025,NSE,EQ,EQ,buy,False,10,282.0,6703367,1000000000000000.0,2025-01-08T14:36:58
TDPOWERSYS,INE419M01027,1/9/2025,BSE,EQ,A,buy,False,11,430.0,211300,1.73639e+18,2025-01-09T09:15:10
TDPOWERSYS,INE419M01027,1/9/2025,BSE,EQ,A,buy,False,9,430.0,211700,1.73639e+18,2025-01-09T09:15:10
SBIN,INE062A01020,1/9/2025,BSE,EQ,A,buy,False,5,731.75,271800,1.73639e+18,2025-01-09T09:15:13
TATACHEM,INE092A01019,1/9/2025,BSE,EQ,A,sell,False,10,1021.1,351600,1.73639e+18,2025-01-09T09:18:27
SOUTHBANK,INE683A01023,1/9/2025,BSE,EQ,A,sell,False,500,25.7,1247500,1.73639e+18,2025-01-09T09:19:20
HERANBA,INE694N01015,1/9/2025,NSE,EQ,EQ,sell,False,10,412.75,200841399,1100000000000000.0,2025-01-09T09:31:08
YUKEN,INE384C01016,1/9/2025,BSE,EQ,B,sell,False,1,1095.6,13256900,1.7364e+18,2025-01-09T11:50:51
YUKEN,INE384C01016,1/9/2025,BSE,EQ,B,sell,False,9,1094.25,13257100,1.7364e+18,2025-01-09T11:50:51
TATATECH,INE142M01025,1/9/2025,BSE,EQ,A,buy,False,3,881.95,9281100,1.7364e+18,2025-01-09T11:52:42
JPPOWER,INE351F01018,1/9/2025,BSE,EQ,A,buy,False,50,16.97,4915500,1.7364e+18,2025-01-09T11:54:11
LODHA,INE670K01029,1/9/2025,BSE,EQ,A,buy,False,2,1326.5,6360600,1.7364e+18,2025-01-09T11:55:45
CCL,INE421D01022,1/9/2025,BSE,EQ,A,buy,False,1,677.95,5400000,1.73641e+18,2025-01-09T13:56:56
CCL,INE421D01022,1/9/2025,BSE,EQ,A,buy,False,9,677.9,5399800,1.73641e+18,2025-01-09T13:56:56
HAPPSTMNDS,INE419U01012,1/10/2025,BSE,EQ,A,buy,False,2,715.0,171700,1.73648e+18,2025-01-10T09:16:23
HAPPSTMNDS,INE419U01012,1/10/2025,BSE,EQ,A,buy,False,3,715.0,171800,1.73648e+18,2025-01-10T09:16:23
ITDC,INE353K01014,1/10/2025,BSE,EQ,B,sell,False,1,662.4,2167400,1.73648e+18,2025-01-10T09:19:58
ITDC,INE353K01014,1/10/2025,BSE,EQ,B,sell,False,5,662.5,2167200,1.73648e+18,2025-01-10T09:19:58
ITDC,INE353K01014,1/10/2025,BSE,EQ,B,sell,False,5,663.0,2166800,1.73648e+18,2025-01-10T09:19:58
ITDC,INE353K01014,1/10/2025,BSE,EQ,B,sell,False,1,662.3,2167800,1.73648e+18,2025-01-10T09:19:58
ITDC,INE353K01014,1/10/2025,BSE,EQ,B,sell,False,3,662.35,2167600,1.73648e+18,2025-01-10T09:19:58
JPPOWER,INE351F01018,1/10/2025,BSE,EQ,A,buy,False,50,16.6,975800,1.73648e+18,2025-01-10T09:23:52
HERANBA,INE694N01015,1/10/2025,BSE,EQ,B,buy,False,10,390.0,8159200,1.73648e+18,2025-01-10T09:24:51
BEL,INE263A01024,1/10/2025,NSE,EQ,EQ,buy,False,10,277.2,504098,1000000000000000.0,2025-01-10T09:25:15
LODHA,INE670K01029,1/10/2025,NSE,EQ,EQ,buy,False,2,1304.15,400891157,1200000000000000.0,2025-01-10T09:28:35
GRAPHITE,INE371A01025,1/10/2025,NSE,EQ,EQ,buy,False,20,525.0,201112506,1100000000000000.0,2025-01-10T09:32:17
FIVESTAR,INE128S01021,1/10/2025,BSE,EQ,A,buy,False,10,699.95,2200800,1.73648e+18,2025-01-10T09:39:22
DCMSRIND,INE843D01027,1/10/2025,BSE,EQ,B,buy,False,11,178.0,1231800,1.73648e+18,2025-01-10T10:03:56
DCMSRIND,INE843D01027,1/10/2025,BSE,EQ,B,buy,False,39,178.0,1213100,1.73648e+18,2025-01-10T10:03:56
HINDCOPPER,INE531E01026,1/10/2025,NSE,EQ,EQ,buy,False,10,240.0,204636174,1100000000000000.0,2025-01-10T11:16:56
DCMSRIND,INE843D01027,1/10/2025,BSE,EQ,B,sell,False,50,180.2,2356700,1.73649e+18,2025-01-10T12:05:45
HAL,INE066F01020,1/13/2025,NSE,EQ,EQ,buy,False,2,3928.7,200064520,1100000000000000.0,2025-01-13T09:15:03
BEARDSELL,INE520H01022,1/13/2025,NSE,EQ,EQ,buy,False,30,38.0,390053,1000000000000000.0,2025-01-13T09:18:32
FIVESTAR,INE128S01021,1/13/2025,BSE,EQ,A,buy,False,5,675.9,3161400,1.73674e+18,2025-01-13T09:34:21
ITDC,INE353K01014,1/13/2025,BSE,EQ,B,buy,False,2,618.0,13029500,1.73674e+18,2025-01-13T09:36:04
ITDC,INE353K01014,1/13/2025,BSE,EQ,B,buy,False,3,618.0,13029700,1.73674e+18,2025-01-13T09:36:04
HAPPSTMNDS,INE419U01012,1/13/2025,NSE,EQ,EQ,sell,False,10,731.95,201663185,1100000000000000.0,2025-01-13T09:37:16
TIINDIA,INE974X01010,1/13/2025,NSE,EQ,EQ,buy,False,2,3400.0,603081987,1300000000000000.0,2025-01-13T10:18:39
TIINDIA,INE974X01010,1/13/2025,NSE,EQ,EQ,sell,False,2,3422.3,603607268,1300000000000000.0,2025-01-13T10:39:55
RPGLIFE,INE105J01010,1/13/2025,NSE,EQ,EQ,buy,False,5,1990.0,608012402,1300000000000000.0,2025-01-13T13:52:45
M&MFIN,INE774D01024,1/14/2025,NSE,EQ,EQ,buy,False,10,266.55,401102454,1200000000000000.0,2025-01-14T09:28:57
LICHSGFIN,INE115A01026,1/14/2025,BSE,EQ,A,buy,False,5,547.05,2033700,1.73683e+18,2025-01-14T09:30:53
TDPOWERSYS,INE419M01027,1/14/2025,BSE,EQ,A,sell,False,20,417.1,2056300,1.73683e+18,2025-01-14T09:31:16
YUKEN,INE384C01016,1/14/2025,BSE,EQ,B,buy,False,2,1004.05,3554600,1.73683e+18,2025-01-14T09:33:02
BEARDSELL,INE520H01022,1/14/2025,NSE,EQ,EQ,buy,False,100,36.67,1172330,1000000000000000.0,2025-01-14T09:34:41
BEARDSELL,INE520H01022,1/14/2025,NSE,EQ,EQ,buy,False,82,36.66,1172329,1000000000000000.0,2025-01-14T09:34:41
BEARDSELL,INE520H01022,1/14/2025,NSE,EQ,EQ,buy,False,18,36.65,1172328,1000000000000000.0,2025-01-14T09:34:41
SBIN,INE062A01020,1/14/2025,BSE,EQ,A,buy,False,5,740.0,1179300,1.73683e+18,2025-01-14T09:35:18
HAL,INE066F01020,1/14/2025,NSE,EQ,EQ,buy,False,1,3800.6,202573602,1100000000000000.0,2025-01-14T10:06:58
TATAPOWER,INE245A01021,1/14/2025,NSE,EQ,EQ,buy,False,10,354.9,603750109,1300000000000000.0,2025-01-14T10:53:13
BEL,INE263A01024,1/14/2025,BSE,EQ,A,buy,False,10,268.0,6215700,1.73683e+18,2025-01-14T11:03:01
BAJAJHFL,INE377Y01014,1/14/2025,BSE,EQ,B,buy,False,20,115.0,4353100,1.73683e+18,2025-01-14T11:08:18
IRFC,INE053F01010,1/14/2025,NSE,EQ,EQ,buy,False,30,135.0,204591939,1100000000000000.0,2025-01-14T11:26:22
SOUTHBANK,INE683A01023,1/14/2025,BSE,EQ,A,sell,False,500,25.49,17208000,1.73684e+18,2025-01-14T13:39:53
BMW,INE374E01021,1/14/2025,BSE,EQ,B,buy,False,30,50.0,25776900,1.73683e+18,2025-01-14T14:18:40
GTLINFRA,INE221H01019,1/14/2025,BSE,EQ,A,sell,False,2000,1.88,12418900,1.73684e+18,2025-01-14T14:36:41
ELECTCAST,INE086A01029,1/14/2025,NSE,EQ,EQ,buy,False,30,125.96,209430726,1100000000000000.0,2025-01-14T15:14:07
JPPOWER,INE351F01018,1/14/2025,BSE,EQ,A,buy,False,100,16.4,14360900,1.73685e+18,2025-01-14T15:20:54
IRFC,INE053F01010,1/15/2025,BSE,EQ,A,buy,False,10,138.0,485600,1.73691e+18,2025-01-15T09:15:01
TATASTEEL,INE081A01020,1/15/2025,NSE,EQ,EQ,buy,False,20,128.0,600039400,1300000000000000.0,2025-01-15T09:15:04
ZOMATO,INE758T01015,1/15/2025,BSE,EQ,A,buy,False,10,238.0,259400,1.73691e+18,2025-01-15T09:15:33
ITDC,INE353K01014,1/15/2025,BSE,EQ,B,sell,False,2,614.85,1940800,1.73691e+18,2025-01-15T09:18:54
ITDC,INE353K01014,1/15/2025,BSE,EQ,B,sell,False,1,615.4,1940200,1.73691e+18,2025-01-15T09:18:54
ITDC,INE353K01014,1/15/2025,BSE,EQ,B,sell,False,3,614.8,1941000,1.73691e+18,2025-01-15T09:18:54
ITDC,INE353K01014,1/15/2025,BSE,EQ,B,sell,False,2,615.35,1940400,1.73691e+18,2025-01-15T09:18:54
ITDC,INE353K01014,1/15/2025,BSE,EQ,B,sell,False,2,615.0,1940600,1.73691e+18,2025-01-15T09:18:54
BEARDSELL,INE520H01022,1/15/2025,NSE,EQ,EQ,sell,False,102,37.57,865809,1000000000000000.0,2025-01-15T09:31:22
BEARDSELL,INE520H01022,1/15/2025,NSE,EQ,EQ,sell,False,61,37.57,865810,1000000000000000.0,2025-01-15T09:31:22
BEARDSELL,INE520H01022,1/15/2025,NSE,EQ,EQ,sell,False,67,37.59,865808,1000000000000000.0,2025-01-15T09:31:22
TATAPOWER,INE245A01021,1/15/2025,BSE,EQ,A,buy,False,10,365.0,1688700,1.73692e+18,2025-01-15T10:35:55
INSECTICID,INE070I01018,1/15/2025,NSE,EQ,EQ,buy,False,5,615.0,202736707,1100000000000000.0,2025-01-15T10:44:54
DHARMAJ,INE00OQ01016,1/15/2025,NSE,EQ,EQ,buy,False,10,255.0,204957224,1100000000000000.0,2025-01-15T12:32:13
HAPPSTMNDS,INE419U01012,1/15/2025,BSE,EQ,A,sell,False,20,726.55,6769600,1.73693e+18,2025-01-15T13:32:22
LODHA,INE670K01029,1/16/2025,BSE,EQ,A,buy,False,3,1140.75,86200,1.737e+18,2025-01-16T09:15:00
FIVESTAR,INE128S01021,1/16/2025,BSE,EQ,A,buy,False,5,660.0,159700,1.737e+18,2025-01-16T09:15:03
SBIN,INE062A01020,1/16/2025,BSE,EQ,A,sell,False,5,769.25,592400,1.737e+18,2025-01-16T09:26:05
ZOMATO,INE758T01015,1/16/2025,BSE,EQ,A,sell,False,2,250.0,3136900,1.737e+18,2025-01-16T09:37:45
ZOMATO,INE758T01015,1/16/2025,BSE,EQ,A,sell,False,5,250.0,3137100,1.737e+18,2025-01-16T09:37:45
ZOMATO,INE758T01015,1/16/2025,BSE,EQ,A,sell,False,13,250.0,3137300,1.737e+18,2025-01-16T09:37:45
IRFC,INE053F01010,1/16/2025,NSE,EQ,EQ,sell,False,20,141.55,202190556,1100000000000000.0,2025-01-16T10:16:22
M&MFIN,INE774D01024,1/16/2025,NSE,EQ,EQ,sell,False,20,272.0,403493796,1200000000000000.0,2025-01-16T10:48:07
BEL,INE263A01024,1/16/2025,BSE,EQ,A,sell,False,10,275.55,6457200,1.73701e+18,2025-01-16T12:12:55
CCL,INE421D01022,1/16/2025,NSE,EQ,EQ,buy,False,5,641.05,4323592,1000000000000000.0,2025-01-16T12:16:26
HINDCOPPER,INE531E01026,1/16/2025,BSE,EQ,A,buy,False,10,230.0,2614900,1.73701e+18,2025-01-16T13:25:52
AARTIDRUGS,INE767A01016,1/17/2025,BSE,EQ,B,buy,False,6,428.0,4077600,1.73709e+18,2025-01-17T09:22:18
AARTIDRUGS,INE767A01016,1/17/2025,BSE,EQ,B,buy,False,4,428.0,4077800,1.73709e+18,2025-01-17T09:22:18
ZOMATO,INE758T01015,1/17/2025,BSE,EQ,A,buy,False,10,243.15,1198000,1.73708e+18,2025-01-17T09:26:01
JPPOWER,INE351F01018,1/17/2025,BSE,EQ,A,buy,False,500,16.77,1179200,1.73708e+18,2025-01-17T09:26:53
DHARMAJ,INE00OQ01016,1/17/2025,NSE,EQ,EQ,buy,False,6,253.65,200959082,1100000000000000.0,2025-01-17T09:30:12
DHARMAJ,INE00OQ01016,1/17/2025,NSE,EQ,EQ,buy,False,4,253.7,200959083,1100000000000000.0,2025-01-17T09:30:12
GRAPHITE,INE371A01025,1/17/2025,NSE,EQ,EQ,buy,False,10,512.0,202534658,1100000000000000.0,2025-01-17T10:16:53
YUKEN,INE384C01016,1/17/2025,NSE,EQ,EQ,buy,False,1,1005.75,602458636,1300000000000000.0,2025-01-17T10:21:47
YUKEN,INE384C01016,1/17/2025,NSE,EQ,EQ,buy,False,2,1006.05,602458637,1300000000000000.0,2025-01-17T10:21:47
TATASTEEL,INE081A01020,1/17/2025,NSE,EQ,EQ,buy,False,10,129.15,603877830,1300000000000000.0,2025-01-17T11:33:14
HINDCOPPER,INE531E01026,1/17/2025,BSE,EQ,A,sell,False,10,243.9,2425900,1.7371e+18,2025-01-17T13:45:05
BMW,INE374E01021,1/17/2025,BSE,EQ,B,buy,False,4,51.2,17095400,1.73708e+18,2025-01-17T14:22:35
BMW,INE374E01021,1/17/2025,BSE,EQ,B,buy,False,16,51.19,17095200,1.73708e+18,2025-01-17T14:22:35
BMW,INE374E01021,1/20/2025,BSE,EQ,B,buy,False,20,52.5,3320600,1.73734e+18,2025-01-20T09:38:54
M&MFIN,INE774D01024,1/20/2025,NSE,EQ,EQ,buy,False,10,265.05,402347888,1200000000000000.0,2025-01-20T10:09:06
JPPOWER,INE351F01018,1/20/2025,BSE,EQ,A,sell,False,200,16.95,3659600,1.73735e+18,2025-01-20T10:10:04
YUKEN,INE384C01016,1/20/2025,NSE,EQ,EQ,buy,False,3,990.0,603729482,1300000000000000.0,2025-01-20T11:07:15
DHARMAJ,INE00OQ01016,1/20/2025,NSE,EQ,EQ,buy,False,10,256.0,204325264,1100000000000000.0,2025-01-20T12:11:19
BAJAJHFL,INE377Y01014,1/20/2025,NSE,EQ,EQ,buy,False,10,116.0,4283596,1000000000000000.0,2025-01-20T12:50:13
ZOMATO,INE758T01015,1/20/2025,NSE,EQ,EQ,buy,False,10,231.85,608824791,1300000000000000.0,2025-01-20T15:26:42
CCL,INE421D01022,1/21/2025,BSE,EQ,A,buy,False,4,638.4,24900,1.73743e+18,2025-01-21T09:15:03
CCL,INE421D01022,1/21/2025,BSE,EQ,A,buy,False,1,645.0,25000,1.73743e+18,2025-01-21T09:15:03
ZOMATO,INE758T01015,1/21/2025,BSE,EQ,A,buy,False,10,220.8,1522300,1.73743e+18,2025-01-21T09:16:10
AARTIDRUGS,INE767A01016,1/21/2025,BSE,EQ,B,buy,False,5,430.0,1435300,1.73743e+18,2025-01-21T09:17:35
ELECTCAST,INE086A01029,1/21/2025,NSE,EQ,EQ,buy,False,10,130.0,200304601,1100000000000000.0,2025-01-21T09:18:51
TATATECH,INE142M01025,1/21/2025,BSE,EQ,A,buy,False,5,820.0,937800,1.73743e+18,2025-01-21T09:20:09
IRFC,INE053F01010,1/21/2025,BSE,EQ,A,sell,False,30,143.0,1826200,1.73743e+18,2025-01-21T09:59:11
RPGLIFE,INE105J01010,1/21/2025,NSE,EQ,EQ,sell,False,5,2125.0,602488072,1300000000000000.0,2025-01-21T10:07:35
HAL,INE066F01020,1/21/2025,BSE,EQ,A,sell,False,1,4100.0,5521700,1.73744e+18,2025-01-21T11:10:50
HAL,INE066F01020,1/21/2025,BSE,EQ,A,sell,False,2,4100.0,5522300,1.73744e+18,2025-01-21T11:10:50
BEL,INE263A01024,1/21/2025,NSE,EQ,EQ,sell,False,20,280.0,4820740,1000000000000000.0,2025-01-21T13:20:34
SBIN,INE062A01020,1/21/2025,NSE,EQ,EQ,sell,False,10,761.0,608606477,1300000000000000.0,2025-01-21T14:35:23
TDPOWERSYS,INE419M01027,1/22/2025,BSE,EQ,A,buy,False,30,385.0,1609000,1.73752e+18,2025-01-22T09:24:44
SBIN,INE062A01020,1/22/2025,NSE,EQ,EQ,buy,False,5,740.0,607369366,1300000000000000.0,2025-01-22T13:44:15
BEL,INE263A01024,1/22/2025,NSE,EQ,EQ,buy,False,10,267.45,5365772,1000000000000000.0,2025-01-22T14:02:38
IRFC,INE053F01010,1/22/2025,BSE,EQ,A,buy,False,10,137.9,12220500,1.73753e+18,2025-01-22T14:03:27
M&MFIN,INE774D01024,1/22/2025,NSE,EQ,EQ,buy,False,10,261.9,408695794,1200000000000000.0,2025-01-22T14:04:33
BMW,INE374E01021,1/22/2025,BSE,EQ,B,sell,False,50,54.1,17109300,1.73752e+18,2025-01-22T14:05:55
ITDC,INE353K01014,1/22/2025,BSE,EQ,B,buy,False,10,595.0,48402100,1.73754e+18,2025-01-22T14:57:51
TDPOWERSYS,INE419M01027,1/23/2025,BSE,EQ,A,buy,False,5,376.25,784700,1.7376e+18,2025-01-23T09:20:43
ZOMATO,INE758T01015,1/23/2025,BSE,EQ,A,buy,False,20,220.0,1983600,1.7376e+18,2025-01-23T09:31:41
YUKEN,INE384C01016,1/23/2025,BSE,EQ,B,buy,False,3,970.0,3974300,1.7376e+18,2025-01-23T09:39:49
INSECTICID,INE070I01018,1/23/2025,BSE,EQ,B,buy,False,5,590.0,6710200,1.7376e+18,2025-01-23T09:43:12
TATAPOWER,INE245A01021,1/23/2025,BSE,EQ,A,buy,False,5,360.0,546200,1.7376e+18,2025-01-23T09:56:47
HERANBA,INE694N01015,1/23/2025,NSE,EQ,EQ,buy,False,4,375.0,202186962,1100000000000000.0,2025-01-23T10:09:36
HERANBA,INE694N01015,1/23/2025,NSE,EQ,EQ,buy,False,1,375.0,202186961,1100000000000000.0,2025-01-23T10:09:36
LICHSGFIN,INE115A01026,1/23/2025,BSE,EQ,A,sell,False,10,581.45,11448700,1.73762e+18,2025-01-23T13:50:29
JPPOWER,INE351F01018,1/23/2025,BSE,EQ,A,buy,False,100,16.2,7872300,1.73762e+18,2025-01-23T14:12:01
YUKEN,INE384C01016,1/24/2025,BSE,EQ,B,buy,False,1,970.0,1371300,1.73769e+18,2025-01-24T09:15:02
YUKEN,INE384C01016,1/24/2025,BSE,EQ,B,buy,False,1,970.0,1371100,1.73769e+18,2025-01-24T09:15:02
HERANBA,INE694N01015,1/24/2025,BSE,EQ,B,buy,False,5,375.0,157900,1.73769e+18,2025-01-24T09:15:03
POONAWALLA,INE511C01022,1/24/2025,NSE,EQ,EQ,sell,False,5,328.0,402002656,1200000000000000.0,2025-01-24T10:00:30
POONAWALLA,INE511C01022,1/24/2025,NSE,EQ,EQ,sell,False,5,328.0,402035150,1200000000000000.0,2025-01-24T10:00:30
GRAPHITE,INE371A01025,1/24/2025,BSE,EQ,A,buy,False,5,500.0,5039200,1.7377e+18,2025-01-24T11:22:24
FIVESTAR,INE128S01021,1/27/2025,BSE,EQ,A,sell,False,10,685.0,5397300,1.73795e+18,2025-01-27T09:16:57
HAPPSTMNDS,INE419U01012,1/27/2025,BSE,EQ,A,buy,False,10,700.0,673800,1.73795e+18,2025-01-27T09:23:19
HAPPSTMNDS,INE419U01012,1/27/2025,BSE,EQ,A,sell,False,10,695.6,1032200,1.73795e+18,2025-01-27T09:31:58
M&MFIN,INE774D01024,1/28/2025,NSE,EQ,EQ,buy,False,2,262.0,405681343,1200000000000000.0,2025-01-28T09:15:06
M&MFIN,INE774D01024,1/28/2025,NSE,EQ,EQ,buy,False,3,262.0,405681342,1200000000000000.0,2025-01-28T09:15:06
ITDC,INE353K01014,1/28/2025,BSE,EQ,B,buy,False,5,554.65,467700,1.73804e+18,2025-01-28T09:15:07
DHARMAJ,INE00OQ01016,1/28/2025,NSE,EQ,EQ,buy,False,9,235.0,200125421,1100000000000000.0,2025-01-28T09:15:29
DHARMAJ,INE00OQ01016,1/28/2025,NSE,EQ,EQ,buy,False,1,235.0,200125419,1100000000000000.0,2025-01-28T09:15:29
YUKEN,INE384C01016,1/28/2025,BSE,EQ,B,buy,False,1,892.85,2330400,1.73804e+18,2025-01-28T09:27:47
YUKEN,INE384C01016,1/28/2025,BSE,EQ,B,buy,False,1,894.0,2330600,1.73804e+18,2025-01-28T09:27:47
FIVESTAR,INE128S01021,1/28/2025,NSE,EQ,EQ,sell,False,2,703.6,200950215,1100000000000000.0,2025-01-28T09:28:49
FIVESTAR,INE128S01021,1/28/2025,NSE,EQ,EQ,sell,False,2,703.6,200950214,1100000000000000.0,2025-01-28T09:28:49
FIVESTAR,INE128S01021,1/28/2025,NSE,EQ,EQ,sell,False,2,703.6,200950213,1100000000000000.0,2025-01-28T09:28:49
FIVESTAR,INE128S01021,1/28/2025,NSE,EQ,EQ,sell,False,4,703.6,200950212,1100000000000000.0,2025-01-28T09:28:49
HERANBA,INE694N01015,1/29/2025,BSE,EQ,B,buy,False,5,331.3,132900,1.73812e+18,2025-01-29T09:15:04
HINDCOPPER,INE531E01026,1/29/2025,NSE,EQ,EQ,buy,False,5,228.54,200086036,1100000000000000.0,2025-01-29T09:15:34
ITDC,INE353K01014,1/29/2025,BSE,EQ,B,buy,False,5,545.0,594200,1.73812e+18,2025-01-29T09:15:36
TDPOWERSYS,INE419M01027,1/29/2025,NSE,EQ,EQ,buy,False,5,340.0,600226441,1300000000000000.0,2025-01-29T09:16:55
BMW,INE374E01021,1/29/2025,BSE,EQ,B,buy,False,10,51.48,510700,1.73812e+18,2025-01-29T09:17:35
TATATECH,INE142M01025,1/29/2025,BSE,EQ,A,buy,False,5,763.6,1141900,1.73812e+18,2025-01-29T09:18:47
POONAWALLA,INE511C01022,1/29/2025,BSE,EQ,A,buy,False,5,315.1,2490300,1.73812e+18,2025-01-29T09:34:05
TATATECH,INE142M01025,1/29/2025,BSE,EQ,A,buy,False,3,775.0,4713200,1.73812e+18,2025-01-29T09:39:37
M&MFIN,INE774D01024,1/29/2025,BSE,EQ,A,sell,False,15,267.45,1048300,1.73812e+18,2025-01-29T09:55:39
IRFC,INE053F01010,1/29/2025,NSE,EQ,EQ,sell,False,8,141.53,201853629,1100000000000000.0,2025-01-29T09:55:50
IRFC,INE053F01010,1/29/2025,NSE,EQ,EQ,sell,False,72,141.53,201853628,1100000000000000.0,2025-01-29T09:55:50
BEL,INE263A01024,1/29/2025,NSE,EQ,EQ,buy,False,10,265.95,3759461,1000000000000000.0,2025-01-29T11:22:22
CCL,INE421D01022,1/29/2025,NSE,EQ,EQ,buy,False,5,615.0,6709591,1000000000000000.0,2025-01-29T14:06:45
AARTIDRUGS,INE767A01016,1/30/2025,BSE,EQ,B,buy,False,5,400.0,552300,1.73821e+18,2025-01-30T09:15:27
HINDCOPPER,INE531E01026,1/30/2025,NSE,EQ,EQ,buy,False,5,230.99,200442593,1100000000000000.0,2025-01-30T09:20:26
TATAPOWER,INE245A01021,1/30/2025,NSE,EQ,EQ,buy,False,5,355.0,602089966,1300000000000000.0,2025-01-30T09:50:28
HERANBA,INE694N01015,1/30/2025,BSE,EQ,B,buy,False,5,345.0,6084100,1.73821e+18,2025-01-30T09:50:47
BMW,INE374E01021,1/30/2025,BSE,EQ,B,sell,False,100,53.57,19327200,1.73821e+18,2025-01-30T14:48:36
TDPOWERSYS,INE419M01027,1/30/2025,NSE,EQ,EQ,buy,False,5,345.2,608467058,1300000000000000.0,2025-01-30T14:52:25
VSSL,INE050M01012,1/30/2025,NSE,EQ,EQ,sell,False,6,238.29,609905753,1300000000000000.0,2025-01-30T15:29:04
VSSL,INE050M01012,1/30/2025,NSE,EQ,EQ,sell,False,4,238.29,609905752,1300000000000000.0,2025-01-30T15:29:04
VSSL,INE050M01012,1/30/2025,NSE,EQ,EQ,sell,False,5,238.08,609905754,1300000000000000.0,2025-01-30T15:29:04
YUKEN,INE384C01016,1/31/2025,BSE,EQ,B,buy,False,2,875.0,2472500,1.73829e+18,2025-01-31T09:15:01
TDPOWERSYS,INE419M01027,1/31/2025,BSE,EQ,A,buy,False,5,354.0,1308900,1.73829e+18,2025-01-31T09:23:20
LICHSGFIN,INE115A01026,1/31/2025,BSE,EQ,A,sell,False,10,592.0,6843100,1.73829e+18,2025-01-31T09:34:12
ITDC,INE353K01014,1/31/2025,NSE,EQ,EQ,buy,False,2,563.7,201783150,1100000000000000.0,2025-01-31T10:05:09
ITDC,INE353K01014,1/31/2025,NSE,EQ,EQ,buy,False,2,563.65,201783149,1100000000000000.0,2025-01-31T10:05:09
