symbol,isin,trade_date,exchange,segment,series,trade_type,auction,quantity,price,trade_id,order_id,order_execution_time
BBL,INE464A01036,7/2/2025,BSE,EQ,A,sell,FALSE,4,3039,2392400,1.75E+18,2025-07-02T10:16:22
BBL,INE464A01036,7/2/2025,BSE,EQ,A,sell,FALSE,1,3039.05,2392200,1.75E+18,2025-07-02T10:16:22
ITDC,INE353K01014,7/2/2025,NSE,EQ,EQ,buy,FALSE,1,603.7,207069709,1.1E+15,2025-07-02T14:41:38
ITDC,INE353K01014,7/2/2025,NSE,EQ,EQ,buy,FALSE,1,603.75,207069710,1.1E+15,2025-07-02T14:41:38
ITDC,INE353K01014,7/2/2025,NSE,EQ,EQ,buy,FALSE,9,603.8,207069711,1.1E+15,2025-07-02T14:41:38
ITDC,INE353K01014,7/2/2025,NSE,EQ,EQ,buy,FALSE,1,603.6,207069707,1.1E+15,2025-07-02T14:41:38
ITDC,INE353K01014,7/2/2025,NSE,EQ,EQ,buy,FALSE,4,603.65,207069708,1.1E+15,2025-07-02T14:41:38
CAPITALSFB,INE646H01017,7/3/2025,NSE,EQ,EQ,buy,FALSE,40,282,442560,1E+15,2025-07-03T09:22:56
GOACARBON,INE426D01013,7/3/2025,BSE,EQ,B,buy,FALSE,18,483.5,17161900,1.75E+18,2025-07-03T13:33:26
GOACARBON,INE426D01013,7/3/2025,BSE,EQ,B,buy,FALSE,2,483.5,15285100,1.75E+18,2025-07-03T13:33:26
HERANBA,INE694N01015,7/4/2025,BSE,EQ,B,sell,FALSE,40,368,10002300,1.75E+18,2025-07-04T13:13:33
HGINFRA,INE926X01010,7/4/2025,NSE,EQ,EQ,buy,FALSE,8,1062.5,206439805,1.1E+15,2025-07-04T14:46:08
HGINFRA,INE926X01010,7/4/2025,NSE,EQ,EQ,buy,FALSE,1,1062.4,206439804,1.1E+15,2025-07-04T14:46:08
SHAILY,INE151G01028,7/7/2025,NSE,EQ,EQ,buy,FALSE,3,1645,600877782,1.3E+15,2025-07-07T09:30:29
AGARIND,INE204E01012,7/7/2025,NSE,EQ,EQ,buy,FALSE,10,942.7,2868993,1E+15,2025-07-07T11:53:45
FINPIPE,INE183A01024,7/7/2025,NSE,EQ,EQ,buy,FALSE,3,207.3,204385006,1.1E+15,2025-07-07T11:54:07
FINPIPE,INE183A01024,7/7/2025,NSE,EQ,EQ,buy,FALSE,43,207.3,204385007,1.1E+15,2025-07-07T11:54:07
POLYPLEX,INE633B01018,7/7/2025,NSE,EQ,EQ,buy,FALSE,8,1185.4,403184851,1.2E+15,2025-07-07T11:54:30
NAHARINDUS-T,INE289A01011,7/7/2025,BSE,EQ,T,buy,FALSE,73,127,5583200,1.75E+18,2025-07-07T12:02:32
ELECTCAST,INE086A01029,7/7/2025,NSE,EQ,EQ,buy,FALSE,10,123.79,206114359,1.1E+15,2025-07-07T13:29:36
AWFIS,INE108V01019,7/8/2025,NSE,EQ,EQ,buy,FALSE,15,622,876257,1E+15,2025-07-08T09:35:58
COALINDIA,INE522F01014,7/8/2025,NSE,EQ,EQ,buy,FALSE,26,383,2779500,1E+15,2025-07-08T11:08:28
INOXWIND,INE066P01011,7/8/2025,NSE,EQ,EQ,buy,FALSE,57,175.8,207295448,1.1E+15,2025-07-08T14:51:56
SARDAEN,INE385C01021,7/9/2025,NSE,EQ,EQ,buy,FALSE,23,426,600174337,1.3E+15,2025-07-09T09:15:10
SHAILY,INE151G01028,7/9/2025,NSE,EQ,EQ,buy,FALSE,2,1618.4,607624855,1.3E+15,2025-07-09T14:56:31
SAIL,INE114A01011,7/10/2025,NSE,EQ,EQ,sell,FALSE,78,135.15,602148668,1.3E+15,2025-07-10T10:10:44
SOLARINDS,INE343H01029,7/10/2025,NSE,EQ,EQ,buy,FALSE,1,16050,605258482,1.3E+15,2025-07-10T13:15:16
PERSISTENT,INE262H01021,7/11/2025,NSE,EQ,EQ,buy,FALSE,1,5580,400030150,1.2E+15,2025-07-11T09:15:02
FINPIPE,INE183A01024,7/11/2025,NSE,EQ,EQ,buy,FALSE,48,207.29,200517696,1.1E+15,2025-07-11T09:21:17
BAJAJHFL,INE377Y01014,7/11/2025,NSE,EQ,EQ,buy,FALSE,10,121.2,1839228,1E+15,2025-07-11T10:16:34
SARDAEN,INE385C01021,7/11/2025,NSE,EQ,EQ,sell,FALSE,23,458,602276659,1.3E+15,2025-07-11T10:18:35
PERSISTENT,INE262H01021,7/11/2025,NSE,EQ,EQ,buy,FALSE,1,5580,403015554,1.2E+15,2025-07-11T10:20:32
SOLARINDS,INE343H01029,7/11/2025,NSE,EQ,EQ,buy,FALSE,1,15500,603663386,1.3E+15,2025-07-11T11:03:54
PNCINFRA,INE195J01029,7/11/2025,NSE,EQ,EQ,buy,FALSE,10,299.9,403101268,1.2E+15,2025-07-11T11:14:47
IGIL,INE0Q9301021,7/11/2025,NSE,EQ,EQ,sell,FALSE,8,385,204907245,1.1E+15,2025-07-11T12:04:24
IGIL,INE0Q9301021,7/11/2025,NSE,EQ,EQ,sell,FALSE,4,385,204881290,1.1E+15,2025-07-11T12:04:24
IGIL,INE0Q9301021,7/11/2025,NSE,EQ,EQ,sell,FALSE,3,385,204899849,1.1E+15,2025-07-11T12:04:24
IGIL,INE0Q9301021,7/11/2025,NSE,EQ,EQ,sell,FALSE,1,385,204899855,1.1E+15,2025-07-11T12:04:24
IGIL,INE0Q9301021,7/11/2025,NSE,EQ,EQ,sell,FALSE,11,385,204902878,1.1E+15,2025-07-11T12:04:24
IGIL,INE0Q9301021,7/11/2025,NSE,EQ,EQ,sell,FALSE,1,385,204902891,1.1E+15,2025-07-11T12:04:24
PRICOLLTD,,7/14/2025,NSE,EQ,EQ,BUY,FALSE,21,455.85,400092017,2.50714E+14,7/14/2025 9:15
DATAPATTNS,,7/14/2025,NSE,EQ,EQ,BUY,FALSE,3,2829.3,200157294,2.50714E+14,7/14/2025 9:15
DEEDEV,,7/14/2025,NSE,EQ,EQ,BUY,FALSE,14,294.65,200776197,2.50714E+14,7/14/2025 9:24
DEEDEV,,7/14/2025,NSE,EQ,EQ,BUY,FALSE,2,294.65,200776198,2.50714E+14,7/14/2025 9:24
DEEDEV,,7/14/2025,NSE,EQ,EQ,BUY,FALSE,1,294.7,200776199,2.50714E+14,7/14/2025 9:24
DEEDEV,,7/14/2025,NSE,EQ,EQ,BUY,FALSE,1,294.7,200776200,2.50714E+14,7/14/2025 9:24
DEEDEV,,7/14/2025,NSE,EQ,EQ,BUY,FALSE,15,294.7,200776201,2.50714E+14,7/14/2025 9:24
ELECTCAST,,7/14/2025,BSE,EQ,EQ,BUY,FALSE,10,121.15,2757400,2.50714E+14,7/14/2025 11:39
INOXWIND,,7/15/2025,NSE,EQ,EQ,BUY,FALSE,58,165,207806230,2.50715E+14,7/15/2025 14:54
ELECTCAST,,7/16/2025,BSE,EQ,EQ,BUY,FALSE,10,121,581100,2.50716E+14,7/16/2025 9:19
TATATECH,,7/17/2025,BSE,EQ,EQ,SELL,FALSE,5,730.3,1596700,2.50717E+14,7/17/2025 9:57
INOXWIND,,7/17/2025,BSE,EQ,EQ,SELL,FALSE,15,168.35,2220300,2.50717E+14,7/17/2025 10:16
LXCHEM,,7/17/2025,NSE,EQ,EQ,SELL,FALSE,60,201.78,402101797,2.50717E+14,7/17/2025 10:22
GAEL,,7/17/2025,NSE,EQ,EQ,SELL,FALSE,11,114.14,202593047,2.50717E+14,7/17/2025 10:33
GAEL,,7/17/2025,NSE,EQ,EQ,SELL,FALSE,36,114.13,202593048,2.50717E+14,7/17/2025 10:33
GAEL,,7/17/2025,NSE,EQ,EQ,SELL,FALSE,3,114.09,202593049,2.50717E+14,7/17/2025 10:33
POLYPLEX,,7/17/2025,NSE,EQ,EQ,SELL,FALSE,1,1140.2,402721146,2.50717E+14,7/17/2025 11:00
POLYPLEX,,7/17/2025,NSE,EQ,EQ,SELL,FALSE,4,1140.2,402721147,2.50717E+14,7/17/2025 11:00
VBL,,7/18/2025,NSE,EQ,EQ,SELL,FALSE,10,485,600163608,2.50718E+14,7/18/2025 9:16
SOLARINDS,,7/18/2025,NSE,EQ,EQ,BUY,FALSE,1,15000,601989523,2.50718E+14,7/18/2025 9:56
NAHARINDUS-BE,,7/18/2025,NSE,EQ,EQ,SELL,FALSE,6,129.1,402034570,2.50718E+14,7/18/2025 10:21
NAHARINDUS-BE,,7/18/2025,NSE,EQ,EQ,SELL,FALSE,67,129.06,402034571,2.50718E+14,7/18/2025 10:21
FINPIPE,,7/21/2025,BSE,EQ,EQ,SELL,FALSE,15,208.55,5149100,2.50721E+14,7/21/2025 10:03
PRICOLLTD,,7/21/2025,NSE,EQ,EQ,BUY,FALSE,22,445,402642032,2.50721E+14,7/21/2025 10:50
MGL,,7/21/2025,NSE,EQ,EQ,BUY,FALSE,1,1507,403877596,2.50721E+14,7/21/2025 12:18
MGL,,7/21/2025,NSE,EQ,EQ,BUY,FALSE,1,1507,403877597,2.50721E+14,7/21/2025 12:18
MGL,,7/21/2025,NSE,EQ,EQ,BUY,FALSE,1,1507,403877598,2.50721E+14,7/21/2025 12:18
MGL,,7/21/2025,NSE,EQ,EQ,BUY,FALSE,1,1507,403877599,2.50721E+14,7/21/2025 12:18
MGL,,7/21/2025,NSE,EQ,EQ,BUY,FALSE,1,1507.1,403877600,2.50721E+14,7/21/2025 12:18
MGL,,7/21/2025,NSE,EQ,EQ,BUY,FALSE,1,1507.2,403877601,2.50721E+14,7/21/2025 12:18
CENTRALBK,,7/21/2025,NSE,EQ,EQ,BUY,FALSE,261,38.1,4545241,2.50721E+14,7/21/2025 13:50
ZAGGLE,,7/21/2025,NSE,EQ,EQ,BUY,FALSE,24,405,606378100,2.50721E+14,7/21/2025 13:59
SHAILY,,7/22/2025,BSE,EQ,EQ,SELL,FALSE,3,1665.35,139600,2.50722E+14,7/22/2025 9:17
VBL,,7/22/2025,NSE,EQ,EQ,SELL,FALSE,31,485.1,601964626,2.50722E+14,7/22/2025 10:06
HGINFRA,,7/22/2025,BSE,EQ,EQ,SELL,FALSE,2,1091.4,1785200,2.50722E+14,7/22/2025 10:09
HGINFRA,,7/22/2025,BSE,EQ,EQ,SELL,FALSE,7,1091.35,1785500,2.50722E+14,7/22/2025 10:09
ITC,,7/22/2025,BSE,EQ,EQ,SELL,FALSE,10,416,8003900,2.50722E+14,7/22/2025 14:06
BAJAJHFL,,7/22/2025,BSE,EQ,EQ,BUY,FALSE,10,121.6,9189000,2.50722E+14,7/22/2025 15:02
INFY,,7/23/2025,BSE,EQ,EQ,BUY,FALSE,2,1580,75700,2.50723E+14,7/23/2025 9:15
FINPIPE,,7/23/2025,NSE,EQ,EQ,BUY,FALSE,10,203.5,200475178,2.50723E+14,7/23/2025 9:15
LODHA,,7/23/2025,BSE,EQ,EQ,BUY,FALSE,1,1357.1,1980600,2.50723E+14,7/23/2025 9:27
NCC,,7/23/2025,BSE,EQ,EQ,SELL,FALSE,20,225,2052500,2.50723E+14,7/23/2025 9:50
CAPITALSFB,,7/23/2025,BSE,EQ,EQ,SELL,FALSE,40,316,2275100,2.50723E+14,7/23/2025 10:13
PRICOLLTD,,7/23/2025,NSE,EQ,EQ,BUY,FALSE,23,430.55,403462624,2.50723E+14,7/23/2025 11:31
GAEL,,7/23/2025,NSE,EQ,EQ,BUY,FALSE,30,111.5,204122101,2.50723E+14,7/23/2025 11:54
PERSISTENT,,7/24/2025,NSE,EQ,EQ,BUY,FALSE,3,5240,400861318,2.50724E+14,7/24/2025 9:15
SHAILY,,7/24/2025,NSE,EQ,EQ,BUY,FALSE,1,1635.9,602876204,2.50724E+14,7/24/2025 10:51
PNCINFRA,,7/24/2025,NSE,EQ,EQ,SELL,FALSE,10,312.1,402856209,2.50724E+14,7/24/2025 10:58
AGARIND,,7/24/2025,NSE,EQ,EQ,SELL,FALSE,10,960,3971192,2.50724E+14,7/24/2025 13:14
ELECTCAST,,7/24/2025,NSE,EQ,EQ,BUY,FALSE,20,117.41,205730602,2.50724E+14,7/24/2025 13:15
SHAILY,,7/25/2025,BSE,EQ,EQ,BUY,FALSE,1,1627.95,991400,2.50725E+14,7/25/2025 9:27
LUXIND,,7/25/2025,NSE,EQ,EQ,BUY,FALSE,2,1427.4,400747960,2.50725E+14,7/25/2025 9:30
LUXIND,,7/25/2025,NSE,EQ,EQ,BUY,FALSE,2,1427.4,400747961,2.50725E+14,7/25/2025 9:30
LUXIND,,7/25/2025,NSE,EQ,EQ,BUY,FALSE,2,1427.5,400747962,2.50725E+14,7/25/2025 9:30
COALINDIA,,7/25/2025,NSE,EQ,EQ,SELL,FALSE,13,384,1050965,2.50725E+14,7/25/2025 9:35
COALINDIA,,7/25/2025,NSE,EQ,EQ,SELL,FALSE,1,384,1050966,2.50725E+14,7/25/2025 9:35
COALINDIA,,7/25/2025,NSE,EQ,EQ,SELL,FALSE,1,384,1050969,2.50725E+14,7/25/2025 9:35
ONGC,,7/25/2025,NSE,EQ,EQ,BUY,FALSE,40,243,401439813,2.50725E+14,7/25/2025 9:46
ITC,,7/25/2025,BSE,EQ,EQ,BUY,FALSE,10,408.6,2347700,2.50725E+14,7/25/2025 10:19
GAEL,,7/25/2025,NSE,EQ,EQ,BUY,FALSE,10,109.23,202539613,2.50725E+14,7/25/2025 10:20
LODHA,,7/25/2025,BSE,EQ,EQ,BUY,FALSE,1,1311.4,2871600,2.50725E+14,7/25/2025 10:21
LODHA,,7/25/2025,NSE,EQ,EQ,BUY,FALSE,2,1293.1,402842948,2.50725E+14,7/25/2025 11:01
FIVESTAR,,7/25/2025,NSE,EQ,EQ,BUY,FALSE,13,695,204314349,2.50725E+14,7/25/2025 11:39
CENTRALBK,,7/25/2025,NSE,EQ,EQ,BUY,FALSE,262,37,3607864,2.50725E+14,7/25/2025 11:54
ZAGGLE,,7/25/2025,NSE,EQ,EQ,BUY,FALSE,24,386,604172552,2.50725E+14,7/25/2025 12:14
ITDC,,7/25/2025,NSE,EQ,EQ,BUY,FALSE,8,589.8,206460172,2.50725E+14,7/25/2025 13:40
ITDC,,7/25/2025,NSE,EQ,EQ,BUY,FALSE,1,589.9,206460173,2.50725E+14,7/25/2025 13:40
ITDC,,7/25/2025,NSE,EQ,EQ,BUY,FALSE,4,589.9,206460174,2.50725E+14,7/25/2025 13:40
ITDC,,7/25/2025,NSE,EQ,EQ,BUY,FALSE,3,590,206460175,2.50725E+14,7/25/2025 13:40
M&MFIN,,7/25/2025,NSE,EQ,EQ,BUY,FALSE,38,253,407378031,2.50725E+14,7/25/2025 15:22
SAIL,,7/28/2025,NSE,EQ,EQ,BUY,FALSE,24,128.49,600048886,2.50728E+14,7/28/2025 9:15
PRICOLLTD,,7/28/2025,BSE,EQ,EQ,SELL,FALSE,10,438.2,75500,2.50728E+14,7/28/2025 9:15
ZAGGLE,,7/28/2025,NSE,EQ,EQ,BUY,FALSE,26,375,600276289,2.50728E+14,7/28/2025 9:16
LODHA,,7/28/2025,NSE,EQ,EQ,BUY,FALSE,9,1249.4,400279674,2.50728E+14,7/28/2025 9:17
FINPIPE,,7/28/2025,NSE,EQ,EQ,SELL,FALSE,24,206.2,200356626,2.50728E+14,7/28/2025 9:18
FINPIPE,,7/28/2025,NSE,EQ,EQ,SELL,FALSE,1,206.04,200356627,2.50728E+14,7/28/2025 9:18
FINPIPE,,7/28/2025,NSE,EQ,EQ,SELL,FALSE,26,206.04,200356628,2.50728E+14,7/28/2025 9:18
FINPIPE,,7/28/2025,NSE,EQ,EQ,SELL,FALSE,38,206.03,200356629,2.50728E+14,7/28/2025 9:18
ITDC,,7/28/2025,NSE,EQ,EQ,SELL,FALSE,5,584.95,200477903,2.50728E+14,7/28/2025 9:20
GOACARBON,,7/28/2025,NSE,EQ,EQ,SELL,FALSE,10,475.3,200508678,2.50728E+14,7/28/2025 9:20
DEEDEV,,7/28/2025,BSE,EQ,EQ,SELL,FALSE,33,294,1064700,2.50728E+14,7/28/2025 9:24
M&MFIN,,7/28/2025,NSE,EQ,EQ,BUY,FALSE,39,248,403692119,2.50728E+14,7/28/2025 11:13
NCC,,7/28/2025,NSE,EQ,EQ,BUY,FALSE,10,221.08,403986449,2.50728E+14,7/28/2025 11:36
GOACARBON,,7/28/2025,BSE,EQ,EQ,BUY,FALSE,3,470,7133000,2.50728E+14,7/28/2025 12:05
GOACARBON,,7/28/2025,BSE,EQ,EQ,BUY,FALSE,18,470,7133200,2.50728E+14,7/28/2025 12:05
AZAD,,7/28/2025,NSE,EQ,EQ,BUY,FALSE,1,1504.9,4122197,2.50728E+14,7/28/2025 12:47
AZAD,,7/28/2025,NSE,EQ,EQ,BUY,FALSE,5,1505,4122198,2.50728E+14,7/28/2025 12:47
ONGC,,7/28/2025,NSE,EQ,EQ,BUY,FALSE,41,239.43,405386503,2.50728E+14,7/28/2025 13:01
BBL,,7/28/2025,NSE,EQ,EQ,BUY,FALSE,3,2854.7,4736661,2.50728E+14,7/28/2025 13:23
PNCINFRA,,7/28/2025,NSE,EQ,EQ,BUY,FALSE,1,298.85,405863238,2.50728E+14,7/28/2025 13:32
PNCINFRA,,7/28/2025,NSE,EQ,EQ,BUY,FALSE,2,298.85,405863239,2.50728E+14,7/28/2025 13:32
PNCINFRA,,7/28/2025,NSE,EQ,EQ,BUY,FALSE,7,298.95,405863240,2.50728E+14,7/28/2025 13:32
SHAILY,,7/28/2025,NSE,EQ,EQ,BUY,FALSE,1,1558.9,606392595,2.50728E+14,7/28/2025 13:36
LUXIND,,7/28/2025,NSE,EQ,EQ,BUY,FALSE,1,1390,406100604,2.50728E+14,7/28/2025 13:45
LUXIND,,7/28/2025,NSE,EQ,EQ,BUY,FALSE,5,1390,406100965,2.50728E+14,7/28/2025 13:45
LUXIND,,7/28/2025,NSE,EQ,EQ,BUY,FALSE,1,1390,406112282,2.50728E+14,7/28/2025 13:45
ITC,,7/28/2025,NSE,EQ,EQ,SELL,FALSE,10,409.55,206376447,2.50728E+14,7/28/2025 14:01
ITC,,7/28/2025,NSE,EQ,EQ,SELL,FALSE,36,409.5,206376448,2.50728E+14,7/28/2025 14:01
PFC,,7/28/2025,NSE,EQ,EQ,BUY,FALSE,24,405,406576773,2.50728E+14,7/28/2025 14:04
NCC,,7/28/2025,NSE,EQ,EQ,BUY,FALSE,47,215.75,407666217,2.50728E+14,7/28/2025 15:01
JINDALSAW,,7/28/2025,NSE,EQ,EQ,BUY,FALSE,22,215.29,208567729,2.50728E+14,7/28/2025 15:20
JINDALSAW,,7/28/2025,NSE,EQ,EQ,BUY,FALSE,23,215.29,208567730,2.50728E+14,7/28/2025 15:20
SHAILY,,7/29/2025,BSE,EQ,EQ,BUY,FALSE,2,1575,32200,2.50729E+14,7/29/2025 9:15
PPLPHARMA,,7/29/2025,NSE,EQ,EQ,BUY,FALSE,48,195,400467711,2.50729E+14,7/29/2025 9:21
SAIL,,7/29/2025,BSE,EQ,EQ,SELL,FALSE,10,125.8,943900,2.50729E+14,7/29/2025 9:25
SAIL,,7/29/2025,BSE,EQ,EQ,SELL,FALSE,14,125.75,944100,2.50729E+14,7/29/2025 9:25
PNCINFRA,,7/29/2025,NSE,EQ,EQ,SELL,FALSE,19,308.95,400679619,2.50729E+14,7/29/2025 9:26
PNCINFRA,,7/29/2025,NSE,EQ,EQ,SELL,FALSE,1,308.8,400679620,2.50729E+14,7/29/2025 9:26
M&MFIN,,7/29/2025,NSE,EQ,EQ,SELL,FALSE,30,248.15,400709032,2.50729E+14,7/29/2025 9:26
GOACARBON,,7/29/2025,BSE,EQ,EQ,BUY,FALSE,8,470,3437200,2.50729E+14,7/29/2025 10:00
GOACARBON,,7/29/2025,BSE,EQ,EQ,BUY,FALSE,8,470,3437400,2.50729E+14,7/29/2025 10:00
GOACARBON,,7/29/2025,BSE,EQ,EQ,BUY,FALSE,5,470,3437600,2.50729E+14,7/29/2025 10:00
ELECTCAST,,7/29/2025,BSE,EQ,EQ,BUY,FALSE,20,112.2,2616200,2.50729E+14,7/29/2025 10:12
AWFIS,,7/29/2025,NSE,EQ,EQ,BUY,FALSE,1,593.6,1721908,2.50729E+14,7/29/2025 10:27
AWFIS,,7/29/2025,NSE,EQ,EQ,BUY,FALSE,15,593.65,1721909,2.50729E+14,7/29/2025 10:27
LXCHEM,,7/29/2025,NSE,EQ,EQ,BUY,FALSE,33,189.8,402577819,2.50729E+14,7/29/2025 10:42
LXCHEM,,7/29/2025,NSE,EQ,EQ,BUY,FALSE,19,189.8,402577820,2.50729E+14,7/29/2025 10:42
STERTOOLS,,7/29/2025,NSE,EQ,EQ,BUY,FALSE,5,345,602955756,2.50729E+14,7/29/2025 10:46
STERTOOLS,,7/29/2025,NSE,EQ,EQ,BUY,FALSE,14,345,602955757,2.50729E+14,7/29/2025 10:46
STERTOOLS,,7/29/2025,NSE,EQ,EQ,BUY,FALSE,7,345,602955758,2.50729E+14,7/29/2025 10:46
FINPIPE,,7/29/2025,NSE,EQ,EQ,BUY,FALSE,3,209.08,203605602,2.50729E+14,7/29/2025 11:19
FINPIPE,,7/29/2025,NSE,EQ,EQ,BUY,FALSE,13,209.08,203605603,2.50729E+14,7/29/2025 11:19
FINPIPE,,7/29/2025,NSE,EQ,EQ,BUY,FALSE,1,209.08,203605604,2.50729E+14,7/29/2025 11:19
FINPIPE,,7/29/2025,NSE,EQ,EQ,BUY,FALSE,6,209.08,203605605,2.50729E+14,7/29/2025 11:19
FINPIPE,,7/29/2025,NSE,EQ,EQ,BUY,FALSE,8,209.08,203605606,2.50729E+14,7/29/2025 11:19
FINPIPE,,7/29/2025,NSE,EQ,EQ,BUY,FALSE,2,209.08,203605607,2.50729E+14,7/29/2025 11:19
FINPIPE,,7/29/2025,NSE,EQ,EQ,BUY,FALSE,1,209.08,203605608,2.50729E+14,7/29/2025 11:19
FINPIPE,,7/29/2025,NSE,EQ,EQ,BUY,FALSE,4,209.09,203605609,2.50729E+14,7/29/2025 11:19
FINPIPE,,7/29/2025,NSE,EQ,EQ,BUY,FALSE,8,209.09,203605610,2.50729E+14,7/29/2025 11:19
FINPIPE,,7/29/2025,NSE,EQ,EQ,BUY,FALSE,2,209.09,203605611,2.50729E+14,7/29/2025 11:19
NCC,,7/29/2025,BSE,EQ,EQ,SELL,FALSE,20,222.8,5678300,2.50729E+14,7/29/2025 14:17
BAJAJHFL,,7/30/2025,NSE,EQ,EQ,BUY,FALSE,30,116.54,70229,2.5073E+14,7/30/2025 9:15
PNCINFRA,,7/30/2025,NSE,EQ,EQ,SELL,FALSE,50,316.75,400146816,2.5073E+14,7/30/2025 9:16
PPLPHARMA,,7/30/2025,BSE,EQ,EQ,SELL,FALSE,48,205.4,189100,2.5073E+14,7/30/2025 9:16
GOACARBON,,7/30/2025,BSE,EQ,EQ,SELL,FALSE,10,472.3,1098800,2.5073E+14,7/30/2025 9:20
LXCHEM,,7/30/2025,NSE,EQ,EQ,SELL,FALSE,52,201,401203291,2.5073E+14,7/30/2025 9:25
SHAILY,,7/30/2025,NSE,EQ,EQ,SELL,FALSE,4,1640,601665518,2.5073E+14,7/30/2025 9:54
ZAGGLE,,7/30/2025,BSE,EQ,EQ,SELL,FALSE,15,390,990400,2.5073E+14,7/30/2025 9:57
GAEL,,7/30/2025,NSE,EQ,EQ,SELL,FALSE,30,110.2,202805777,2.5073E+14,7/30/2025 10:43
JSWENERGY,,7/30/2025,NSE,EQ,EQ,BUY,FALSE,19,527.65,203230995,2.5073E+14,7/30/2025 11:07
BBL,,7/30/2025,NSE,EQ,EQ,BUY,FALSE,1,2949.9,2325552,2.5073E+14,7/30/2025 11:10
BBL,,7/30/2025,NSE,EQ,EQ,BUY,FALSE,2,2950,2325553,2.5073E+14,7/30/2025 11:10
AWFIS,,7/30/2025,NSE,EQ,EQ,BUY,FALSE,16,599,3709175,2.5073E+14,7/30/2025 13:09
CMSINFO,,7/30/2025,NSE,EQ,EQ,BUY,FALSE,20,465,4244843,2.5073E+14,7/30/2025 13:34
DATAPATTNS,,7/30/2025,BSE,EQ,EQ,BUY,FALSE,1,2601.7,3589200,2.5073E+14,7/30/2025 15:12
AZAD,,7/31/2025,BSE,EQ,EQ,SELL,FALSE,3,1480,28100,2.50731E+14,7/31/2025 9:15
AZAD,,7/31/2025,BSE,EQ,EQ,SELL,FALSE,1,1480,28300,2.50731E+14,7/31/2025 9:15
AZAD,,7/31/2025,BSE,EQ,EQ,SELL,FALSE,2,1480,28500,2.50731E+14,7/31/2025 9:15
NCC,,7/31/2025,BSE,EQ,EQ,SELL,FALSE,20,219,119000,2.50731E+14,7/31/2025 9:15
NCC,,7/31/2025,NSE,EQ,EQ,SELL,FALSE,20,219.35,400069271,2.50731E+14,7/31/2025 9:15
LXCHEM,,7/31/2025,NSE,EQ,EQ,BUY,FALSE,22,195,400135616,2.50731E+14,7/31/2025 9:15
LXCHEM,,7/31/2025,NSE,EQ,EQ,BUY,FALSE,28,195,400139245,2.50731E+14,7/31/2025 9:15
CENTRALBK,,7/31/2025,NSE,EQ,EQ,BUY,FALSE,271,36,197789,2.50731E+14,7/31/2025 9:16
GOACARBON,,7/31/2025,NSE,EQ,EQ,SELL,FALSE,10,477.05,200472620,2.50731E+14,7/31/2025 9:18
AWFIS,,7/31/2025,NSE,EQ,EQ,SELL,FALSE,1,598,339753,2.50731E+14,7/31/2025 9:18
AWFIS,,7/31/2025,NSE,EQ,EQ,SELL,FALSE,9,597.8,339754,2.50731E+14,7/31/2025 9:18
INDUSTOWER,,7/31/2025,NSE,EQ,EQ,BUY,FALSE,25,364.45,200584596,2.50731E+14,7/31/2025 9:19
ITDC,,7/31/2025,BSE,EQ,EQ,SELL,FALSE,5,590,1310400,2.50731E+14,7/31/2025 9:21
ITDC,,7/31/2025,BSE,EQ,EQ,SELL,FALSE,1,590,1310600,2.50731E+14,7/31/2025 9:21
ITDC,,7/31/2025,BSE,EQ,EQ,SELL,FALSE,4,590,1310800,2.50731E+14,7/31/2025 9:21
FIVESTAR,,7/31/2025,BSE,EQ,EQ,BUY,FALSE,3,619.1,1830200,2.50731E+14,7/31/2025 9:25
FIVESTAR,,7/31/2025,BSE,EQ,EQ,BUY,FALSE,3,619.15,1830400,2.50731E+14,7/31/2025 9:25
FIVESTAR,,7/31/2025,BSE,EQ,EQ,BUY,FALSE,1,619.2,1830600,2.50731E+14,7/31/2025 9:25
FIVESTAR,,7/31/2025,BSE,EQ,EQ,BUY,FALSE,3,619.4,1830800,2.50731E+14,7/31/2025 9:25
WIPRO,,7/31/2025,NSE,EQ,EQ,BUY,FALSE,40,247,602032982,2.50731E+14,7/31/2025 9:47
GOACARBON,,7/31/2025,NSE,EQ,EQ,SELL,FALSE,1,503.7,204050589,2.50731E+14,7/31/2025 11:06
GOACARBON,,7/31/2025,NSE,EQ,EQ,SELL,FALSE,3,503.5,204050590,2.50731E+14,7/31/2025 11:06
GOACARBON,,7/31/2025,NSE,EQ,EQ,SELL,FALSE,3,503.5,204050591,2.50731E+14,7/31/2025 11:06
GOACARBON,,7/31/2025,NSE,EQ,EQ,SELL,FALSE,35,503.45,204050592,2.50731E+14,7/31/2025 11:06
LODHA,,7/31/2025,BSE,EQ,EQ,BUY,FALSE,2,1250.1,6581200,2.50731E+14,7/31/2025 12:58
NAHARINDUS,,7/31/2025,BSE,EQ,EQ,BUY,FALSE,76,123,6057900,2.50731E+14,7/31/2025 13:50
INOXWIND,,8/1/2025,BSE,EQ,EQ,BUY,FALSE,10,154.95,613100,2.50801E+14,8/1/2025 9:21
INOXWIND,,8/1/2025,BSE,EQ,EQ,BUY,FALSE,10,155,613300,2.50801E+14,8/1/2025 9:21
PPLPHARMA,,8/1/2025,NSE,EQ,EQ,BUY,FALSE,49,195,400500145,2.50801E+14,8/1/2025 9:21
DEEDEV,,8/1/2025,NSE,EQ,EQ,BUY,FALSE,35,284.2,200747373,2.50801E+14,8/1/2025 9:23
PRICOLLTD,,8/1/2025,NSE,EQ,EQ,SELL,FALSE,56,470.6,400777873,2.50801E+14,8/1/2025 9:30
LXCHEM,,8/1/2025,BSE,EQ,EQ,SELL,FALSE,1,206.1,2774700,2.50801E+14,8/1/2025 9:31
LXCHEM,,8/1/2025,BSE,EQ,EQ,SELL,FALSE,29,206.05,2774900,2.50801E+14,8/1/2025 9:31
LXCHEM,,8/1/2025,BSE,EQ,EQ,SELL,FALSE,20,206,2775100,2.50801E+14,8/1/2025 9:31
GOACARBON,,8/1/2025,NSE,EQ,EQ,SELL,FALSE,20,487.95,201024887,2.50801E+14,8/1/2025 9:32
M&MFIN,,8/1/2025,NSE,EQ,EQ,SELL,FALSE,47,260.7,400971676,2.50801E+14,8/1/2025 9:36
SHAILY,,8/1/2025,NSE,EQ,EQ,BUY,FALSE,1,1597.2,601289605,2.50801E+14,8/1/2025 9:40
GAEL,,8/1/2025,NSE,EQ,EQ,BUY,FALSE,10,110.2,201545078,2.50801E+14,8/1/2025 9:48
CMSINFO,,8/1/2025,NSE,EQ,EQ,BUY,FALSE,21,455,1156970,2.50801E+14,8/1/2025 9:48
COALINDIA,,8/1/2025,BSE,EQ,EQ,BUY,FALSE,10,378.5,2502200,2.50801E+14,8/1/2025 9:49
GOACARBON,,8/1/2025,BSE,EQ,EQ,BUY,FALSE,5,485,3234000,2.50801E+14,8/1/2025 10:14
GOACARBON,,8/1/2025,BSE,EQ,EQ,BUY,FALSE,15,485,3265000,2.50801E+14,8/1/2025 10:15
BMW,,8/1/2025,BSE,EQ,EQ,BUY,FALSE,181,48,3473800,2.50801E+14,8/1/2025 10:25
ZAGGLE,,8/1/2025,NSE,EQ,EQ,SELL,FALSE,3,379.55,603164915,2.50801E+14,8/1/2025 11:01
ZAGGLE,,8/1/2025,NSE,EQ,EQ,SELL,FALSE,7,379.5,603164916,2.50801E+14,8/1/2025 11:01
TORNTPOWER,,8/1/2025,NSE,EQ,EQ,BUY,FALSE,7,1306,603446674,2.50801E+14,8/1/2025 11:16
NAHARINDUS,,8/1/2025,BSE,EQ,EQ,BUY,FALSE,80,123,6002900,2.50801E+14,8/1/2025 12:00
MGL,,8/4/2025,BSE,EQ,EQ,BUY,FALSE,2,1344.45,77300,2.50804E+14,8/4/2025 9:15
LXCHEM,,8/4/2025,NSE,EQ,EQ,BUY,FALSE,51,195,400043025,2.50804E+14,8/4/2025 9:15
INDUSTOWER,,8/4/2025,NSE,EQ,EQ,BUY,FALSE,27,345.7,200073359,2.50804E+14,8/4/2025 9:15
AZAD,,8/4/2025,NSE,EQ,EQ,BUY,FALSE,6,1458.1,48116,2.50804E+14,8/4/2025 9:15
SHAILY,,8/4/2025,NSE,EQ,EQ,SELL,FALSE,5,1653.7,600179816,2.50804E+14,8/4/2025 9:15
BMW,,8/4/2025,BSE,EQ,EQ,SELL,FALSE,181,47.63,331800,2.50804E+14,8/4/2025 9:16
BBL,,8/4/2025,NSE,EQ,EQ,SELL,FALSE,2,2909.9,204930,2.50804E+14,8/4/2025 9:17
ITDC,,8/4/2025,NSE,EQ,EQ,BUY,FALSE,17,575,200323438,2.50804E+14,8/4/2025 9:16
JSWENERGY,,8/4/2025,NSE,EQ,EQ,SELL,FALSE,38,522.85,200456530,2.50804E+14,8/4/2025 9:19
PPLPHARMA,,8/4/2025,NSE,EQ,EQ,BUY,FALSE,52,189.95,400473810,2.50804E+14,8/4/2025 9:19
SHAILY,,8/4/2025,NSE,EQ,EQ,SELL,FALSE,12,1642,600664787,2.50804E+14,8/4/2025 9:22
ELECTCAST,,8/4/2025,BSE,EQ,EQ,BUY,FALSE,20,109,945600,2.50804E+14,8/4/2025 9:31
NCC,,8/4/2025,BSE,EQ,EQ,SELL,FALSE,30,217.05,1352400,2.50804E+14,8/4/2025 9:32
TCS,,8/4/2025,NSE,EQ,EQ,BUY,FALSE,3,3015.7,602925045,2.50804E+14,8/4/2025 10:39
TORNTPOWER,,8/4/2025,NSE,EQ,EQ,BUY,FALSE,7,1280,602939011,2.50804E+14,8/4/2025 9:45
CMSINFO,,8/4/2025,NSE,EQ,EQ,SELL,FALSE,10,449.2,3214980,2.50804E+14,8/4/2025 12:16
CENTRALBK,,8/4/2025,BSE,EQ,EQ,SELL,FALSE,150,35.91,5187300,2.50804E+14,8/4/2025 12:18
ONGC,,8/4/2025,BSE,EQ,EQ,SELL,FALSE,15,234.7,3602300,2.50804E+14,8/4/2025 12:20
STERTOOLS,,8/4/2025,NSE,EQ,EQ,BUY,FALSE,29,331,606470299,2.50804E+14,8/4/2025 14:09
DATAPATTNS,,8/4/2025,NSE,EQ,EQ,SELL,FALSE,1,2705,207645569,2.50804E+14,8/4/2025 14:38
FINPIPE,,8/4/2025,NSE,EQ,EQ,BUY,FALSE,3,198.35,208623595,2.50804E+14,8/4/2025 15:12
FINPIPE,,8/4/2025,NSE,EQ,EQ,BUY,FALSE,15,198.35,208623596,2.50804E+14,8/4/2025 15:12
FINPIPE,,8/4/2025,NSE,EQ,EQ,BUY,FALSE,4,198.35,208623597,2.50804E+14,8/4/2025 15:12
FINPIPE,,8/4/2025,NSE,EQ,EQ,BUY,FALSE,27,198.35,208623598,2.50804E+14,8/4/2025 15:12
FINPIPE,,8/5/2025,NSE,EQ,EQ,BUY,FALSE,51,198.45,200436508,2.50805E+14,8/5/2025 9:17
AZAD,,8/5/2025,BSE,EQ,EQ,SELL,FALSE,1,1592.6,848900,2.50805E+14,8/5/2025 9:25
AZAD,,8/5/2025,BSE,EQ,EQ,SELL,FALSE,2,1592.25,849100,2.50805E+14,8/5/2025 9:25
AZAD,,8/5/2025,BSE,EQ,EQ,SELL,FALSE,3,1592.2,849300,2.50805E+14,8/5/2025 9:25
ZAGGLE,,8/5/2025,NSE,EQ,EQ,SELL,FALSE,10,379.4,600896144,2.50805E+14,8/5/2025 9:32
AWFIS,,8/5/2025,BSE,EQ,EQ,SELL,FALSE,10,591.05,2968700,2.50805E+14,8/5/2025 9:34
ITC,,8/5/2025,BSE,EQ,EQ,BUY,FALSE,24,415.3,1966600,2.50805E+14,8/5/2025 9:37
PFC,,8/5/2025,BSE,EQ,EQ,SELL,FALSE,24,413,883600,2.50805E+14,8/5/2025 9:41
POLYPLEX,,8/5/2025,BSE,EQ,EQ,SELL,FALSE,20,1171,3737700,2.50805E+14,8/5/2025 10:59
NCC,,8/5/2025,NSE,EQ,EQ,BUY,FALSE,1,213.68,402844063,2.50805E+14,8/5/2025 11:15
NCC,,8/5/2025,NSE,EQ,EQ,BUY,FALSE,46,213.68,402844064,2.50805E+14,8/5/2025 11:15
ITDC,,8/5/2025,NSE,EQ,EQ,BUY,FALSE,18,570,204368130,2.50805E+14,8/5/2025 10:56
NAHARINDUS,,8/5/2025,BSE,EQ,EQ,BUY,FALSE,85,118.9,4312300,2.50805E+14,8/5/2025 13:29
ITC,,8/6/2025,NSE,EQ,EQ,SELL,FALSE,24,414.1,200082557,2.50806E+14,8/6/2025 9:15
AGARIND,,8/6/2025,NSE,EQ,EQ,BUY,FALSE,31,950.4,88101,2.50806E+14,8/6/2025 9:15
MGL,,8/6/2025,NSE,EQ,EQ,BUY,FALSE,1,1304.4,400116398,2.50806E+14,8/6/2025 9:15
PPLPHARMA,,8/6/2025,BSE,EQ,EQ,SELL,FALSE,50,192.05,133500,2.50806E+14,8/6/2025 9:16
AGARIND,,8/6/2025,NSE,EQ,EQ,SELL,FALSE,1,946.05,197646,2.50806E+14,8/6/2025 9:16
AGARIND,,8/6/2025,NSE,EQ,EQ,SELL,FALSE,13,945.85,197647,2.50806E+14,8/6/2025 9:16
AGARIND,,8/6/2025,NSE,EQ,EQ,SELL,FALSE,5,945.75,197648,2.50806E+14,8/6/2025 9:16
AGARIND,,8/6/2025,NSE,EQ,EQ,SELL,FALSE,3,945.65,197649,2.50806E+14,8/6/2025 9:16
AGARIND,,8/6/2025,NSE,EQ,EQ,SELL,FALSE,3,945.65,197650,2.50806E+14,8/6/2025 9:16
AGARIND,,8/6/2025,NSE,EQ,EQ,SELL,FALSE,6,945.5,197651,2.50806E+14,8/6/2025 9:16
MGL,,8/6/2025,BSE,EQ,EQ,BUY,FALSE,2,1302.7,919600,2.50806E+14,8/6/2025 9:30
NCC,,8/6/2025,BSE,EQ,EQ,SELL,FALSE,40,217,2423400,2.50806E+14,8/6/2025 9:36
BBL,,8/6/2025,NSE,EQ,EQ,BUY,FALSE,4,2855,1070818,2.50806E+14,8/6/2025 9:40
IGIL,,8/6/2025,NSE,EQ,EQ,BUY,FALSE,26,363,201568632,2.50806E+14,8/6/2025 9:50
WELSPUNLIV,,8/6/2025,NSE,EQ,EQ,BUY,FALSE,82,118,604008114,2.50806E+14,8/6/2025 11:31
IGIL,,8/7/2025,NSE,EQ,EQ,SELL,FALSE,26,363,201648268,2.50807E+14,8/7/2025 9:50
TCS,,8/7/2025,NSE,EQ,EQ,SELL,FALSE,3,3015.9,602560670,2.50807E+14,8/7/2025 10:30
ITC,,8/8/2025,BSE,EQ,EQ,BUY,FALSE,24,414.5,39900,2.50808E+14,8/8/2025 9:15
NCC,,8/8/2025,NSE,EQ,EQ,SELL,FALSE,85,222.5,400250559,2.50808E+14,8/8/2025 9:17
WELSPUNLIV,,8/8/2025,NSE,EQ,EQ,SELL,FALSE,82,118.54,600312443,2.50808E+14,8/8/2025 9:18
INOXWI-RE-BE,,8/8/2025,NSE,EQ,EQ,SELL,FALSE,10,25.59,200424112,2.50808E+14,8/8/2025 9:20
LXCHEM,,8/8/2025,NSE,EQ,EQ,BUY,FALSE,1,187.66,400656179,2.50808E+14,8/8/2025 9:26
LXCHEM,,8/8/2025,NSE,EQ,EQ,BUY,FALSE,6,187.68,400656180,2.50808E+14,8/8/2025 9:26
LXCHEM,,8/8/2025,NSE,EQ,EQ,BUY,FALSE,8,187.69,400656181,2.50808E+14,8/8/2025 9:26
LXCHEM,,8/8/2025,NSE,EQ,EQ,BUY,FALSE,37,187.7,400656182,2.50808E+14,8/8/2025 9:26
LXCHEM,,8/8/2025,NSE,EQ,EQ,BUY,FALSE,2,187.7,400656183,2.50808E+14,8/8/2025 9:26
SHAILY,,8/8/2025,NSE,EQ,EQ,BUY,FALSE,6,1579.5,601297048,2.50808E+14,8/8/2025 9:45
AWFIS,,8/11/2025,NSE,EQ,EQ,BUY,FALSE,19,559.95,79996,2.50811E+14,8/11/2025 9:15
WIPRO,,8/11/2025,NSE,EQ,EQ,BUY,FALSE,41,239.87,600165926,2.50811E+14,8/11/2025 9:15
SHAILY,,8/11/2025,NSE,EQ,EQ,SELL,FALSE,1,1632.6,600365038,2.50811E+14,8/11/2025 9:18
SHAILY,,8/11/2025,NSE,EQ,EQ,SELL,FALSE,1,1632.5,600365039,2.50811E+14,8/11/2025 9:18
SHAILY,,8/11/2025,NSE,EQ,EQ,SELL,FALSE,4,1631.2,600365040,2.50811E+14,8/11/2025 9:18
GAEL,,8/11/2025,NSE,EQ,EQ,BUY,FALSE,10,103.42,200707433,2.50811E+14,8/11/2025 9:24
LODHA,,8/11/2025,BSE,EQ,EQ,BUY,FALSE,2,1212.3,1855800,2.50811E+14,8/11/2025 9:25
JSWENERGY,,8/11/2025,NSE,EQ,EQ,BUY,FALSE,19,530,202081251,2.50811E+14,8/11/2025 10:01
DEEDEV,,8/11/2025,NSE,EQ,EQ,SELL,FALSE,35,298.4,206795609,2.50811E+14,8/11/2025 14:00
LXCHEM,,8/11/2025,NSE,EQ,EQ,BUY,FALSE,1,184.8,406435419,2.50811E+14,8/11/2025 14:50
LXCHEM,,8/11/2025,NSE,EQ,EQ,BUY,FALSE,5,184.8,406435420,2.50811E+14,8/11/2025 14:50
LXCHEM,,8/11/2025,NSE,EQ,EQ,BUY,FALSE,1,184.8,406435421,2.50811E+14,8/11/2025 14:50
LXCHEM,,8/11/2025,NSE,EQ,EQ,BUY,FALSE,1,184.8,406435422,2.50811E+14,8/11/2025 14:50
LXCHEM,,8/11/2025,NSE,EQ,EQ,BUY,FALSE,5,184.8,406435423,2.50811E+14,8/11/2025 14:50
LXCHEM,,8/11/2025,NSE,EQ,EQ,BUY,FALSE,1,184.8,406435424,2.50811E+14,8/11/2025 14:50
LXCHEM,,8/11/2025,NSE,EQ,EQ,BUY,FALSE,5,184.8,406435425,2.50811E+14,8/11/2025 14:50
LXCHEM,,8/11/2025,NSE,EQ,EQ,BUY,FALSE,1,184.8,406435426,2.50811E+14,8/11/2025 14:50
LXCHEM,,8/11/2025,NSE,EQ,EQ,BUY,FALSE,10,184.8,406435427,2.50811E+14,8/11/2025 14:50
LXCHEM,,8/11/2025,NSE,EQ,EQ,BUY,FALSE,25,184.81,406435428,2.50811E+14,8/11/2025 14:50
IGPL,,8/12/2025,NSE,EQ,EQ,BUY,FALSE,21,434,200072474,2.50812E+14,8/12/2025 9:15
AWFIS,,8/12/2025,BSE,EQ,EQ,SELL,FALSE,20,617,4298500,2.50812E+14,8/12/2025 9:34
STERTOOLS,,8/12/2025,NSE,EQ,EQ,BUY,FALSE,17,309.55,601601327,2.50812E+14,8/12/2025 9:34
STERTOOLS,,8/12/2025,NSE,EQ,EQ,BUY,FALSE,16,309.55,601608297,2.50812E+14,8/12/2025 9:34
TORNTPOWER,,8/12/2025,BSE,EQ,EQ,SELL,FALSE,2,1352.45,4469400,2.50812E+14,8/12/2025 12:25
TORNTPOWER,,8/12/2025,BSE,EQ,EQ,SELL,FALSE,2,1352.4,4469600,2.50812E+14,8/12/2025 12:25
TORNTPOWER,,8/12/2025,BSE,EQ,EQ,SELL,FALSE,4,1352.35,4469900,2.50812E+14,8/12/2025 12:25
TORNTPOWER,,8/12/2025,BSE,EQ,EQ,SELL,FALSE,6,1352.3,4470200,2.50812E+14,8/12/2025 12:25
LXCHEM,,8/12/2025,NSE,EQ,EQ,SELL,FALSE,3,183.78,403612728,2.50812E+14,8/12/2025 12:29
LXCHEM,,8/12/2025,NSE,EQ,EQ,SELL,FALSE,1,183.77,403612729,2.50812E+14,8/12/2025 12:29
LXCHEM,,8/12/2025,NSE,EQ,EQ,SELL,FALSE,26,183.77,403612730,2.50812E+14,8/12/2025 12:29
PPLPHARMA,,8/12/2025,NSE,EQ,EQ,BUY,FALSE,36,189.93,403682403,2.50812E+14,8/12/2025 12:35
PPLPHARMA,,8/12/2025,NSE,EQ,EQ,BUY,FALSE,16,189.93,403682404,2.50812E+14,8/12/2025 12:35
JINDALSAW,,8/12/2025,NSE,EQ,EQ,BUY,FALSE,49,200.39,204859656,2.50812E+14,8/12/2025 12:42
LXCHEM,,8/13/2025,BSE,EQ,EQ,SELL,FALSE,27,186.65,5913200,2.50813E+14,8/13/2025 11:33
LXCHEM,,8/13/2025,BSE,EQ,EQ,SELL,FALSE,3,186.6,5913400,2.50813E+14,8/13/2025 11:33
BBL,,8/13/2025,BSE,EQ,EQ,SELL,FALSE,2,2822.85,3029300,2.50813E+14,8/13/2025 11:35
WIPRO,,8/13/2025,NSE,EQ,EQ,SELL,FALSE,20,241.09,603622759,2.50813E+14,8/13/2025 11:36
ZAGGLE,,8/13/2025,BSE,EQ,EQ,SELL,FALSE,1,371.15,2932500,2.50813E+14,8/13/2025 11:37
ZAGGLE,,8/13/2025,BSE,EQ,EQ,SELL,FALSE,5,371.05,2932700,2.50813E+14,8/13/2025 11:37
ZAGGLE,,8/13/2025,BSE,EQ,EQ,SELL,FALSE,9,371,2932900,2.50813E+14,8/13/2025 11:37
AWFIS,,8/14/2025,BSE,EQ,EQ,SELL,FALSE,1,578.55,1674500,2.50814E+14,8/14/2025 9:22
AWFIS,,8/14/2025,BSE,EQ,EQ,SELL,FALSE,25,578.45,1674700,2.50814E+14,8/14/2025 9:22
ZAGGLE,,8/14/2025,NSE,EQ,EQ,BUY,FALSE,27,359,602788647,2.50814E+14,8/14/2025 11:14
ZAGGLE,,8/14/2025,NSE,EQ,EQ,SELL,FALSE,10,367.2,606168396,2.50814E+14,8/14/2025 15:06
ZAGGLE,,8/14/2025,NSE,EQ,EQ,SELL,FALSE,1,367.15,606168397,2.50814E+14,8/14/2025 15:06
ZAGGLE,,8/14/2025,NSE,EQ,EQ,SELL,FALSE,16,367.15,606168398,2.50814E+14,8/14/2025 15:06
AWFIS,,8/14/2025,NSE,EQ,EQ,BUY,FALSE,7,559.65,5550391,2.50814E+14,8/14/2025 15:15
AWFIS,,8/14/2025,NSE,EQ,EQ,BUY,FALSE,11,559.75,5550392,2.50814E+14,8/14/2025 15:15
WIPRO,,8/18/2025,NSE,EQ,EQ,SELL,FALSE,23,246.9,600393929,2.50818E+14,8/18/2025 9:17
WIPRO,,8/18/2025,NSE,EQ,EQ,SELL,FALSE,12,246.9,600393930,2.50818E+14,8/18/2025 9:17
WIPRO,,8/18/2025,NSE,EQ,EQ,SELL,FALSE,25,246.9,600393931,2.50818E+14,8/18/2025 9:17
WIPRO,,8/18/2025,NSE,EQ,EQ,SELL,FALSE,1,246.9,600393932,2.50818E+14,8/18/2025 9:17
M&MFIN,,8/18/2025,BSE,EQ,EQ,SELL,FALSE,38,260.5,297700,2.50818E+14,8/18/2025 9:18
ITC,,8/18/2025,BSE,EQ,EQ,BUY,FALSE,72,409,1240000,2.50818E+14,8/18/2025 9:33
ZAGGLE,,8/18/2025,BSE,EQ,EQ,SELL,FALSE,19,392.45,1372100,2.50818E+14,8/18/2025 9:38
ZAGGLE,,8/18/2025,BSE,EQ,EQ,SELL,FALSE,5,392.4,1372300,2.50818E+14,8/18/2025 9:38
COALINDIA,,8/18/2025,NSE,EQ,EQ,SELL,FALSE,20,385.7,1959475,2.50818E+14,8/18/2025 10:10
ELECTCAST,,8/18/2025,BSE,EQ,EQ,BUY,FALSE,20,102,2140200,2.50818E+14,8/18/2025 10:16
FINPIPE,,8/18/2025,NSE,EQ,EQ,SELL,FALSE,4,195.85,203427123,2.50818E+14,8/18/2025 10:32
FINPIPE,,8/18/2025,NSE,EQ,EQ,SELL,FALSE,16,195.85,203427124,2.50818E+14,8/18/2025 10:32
LXCHEM,,8/18/2025,NSE,EQ,EQ,SELL,FALSE,20,186.32,402591093,2.50818E+14,8/18/2025 10:35
AWFIS,,8/19/2025,BSE,EQ,EQ,SELL,FALSE,18,584.5,515100,2.50819E+14,8/19/2025 9:16
LXCHEM,,8/19/2025,NSE,EQ,EQ,SELL,FALSE,61,229.79,400221667,2.50819E+14,8/19/2025 9:17
LXCHEM,,8/19/2025,NSE,EQ,EQ,SELL,FALSE,73,229.76,400221668,2.50819E+14,8/19/2025 9:17
AMJLAND,,8/19/2025,BSE,EQ,EQ,SELL,FALSE,1,55.58,2023000,2.50819E+14,8/19/2025 9:37
AMJLAND,,8/19/2025,BSE,EQ,EQ,SELL,FALSE,33,55.52,2023200,2.50819E+14,8/19/2025 9:37
AMJLAND,,8/19/2025,BSE,EQ,EQ,SELL,FALSE,86,55.47,2023400,2.50819E+14,8/19/2025 9:37
AMJLAND,,8/19/2025,BSE,EQ,EQ,SELL,FALSE,65,55.42,2023600,2.50819E+14,8/19/2025 9:37
BMW,,8/19/2025,BSE,EQ,EQ,BUY,FALSE,81,47.95,1290000,2.50819E+14,8/19/2025 9:31
BMW,,8/19/2025,BSE,EQ,EQ,BUY,FALSE,200,47.95,1314500,2.50819E+14,8/19/2025 9:32
BMW,,8/19/2025,BSE,EQ,EQ,BUY,FALSE,2,47.95,1614300,2.50819E+14,8/19/2025 9:36
BMW,,8/19/2025,BSE,EQ,EQ,BUY,FALSE,233,47.95,1737700,2.50819E+14,8/19/2025 9:37
BMW,,8/19/2025,BSE,EQ,EQ,BUY,FALSE,95,47.95,1839000,2.50819E+14,8/19/2025 9:40
FIVESTAR,,8/19/2025,NSE,EQ,EQ,BUY,FALSE,5,590.8,202368485,2.50819E+14,8/19/2025 10:23
INFY,,8/19/2025,NSE,EQ,EQ,BUY,FALSE,2,1440.5,202519404,2.50819E+14,8/19/2025 10:30
DATAPATTNS,,8/19/2025,NSE,EQ,EQ,BUY,FALSE,1,2563.3,202574510,2.50819E+14,8/19/2025 10:32
GAEL,,8/19/2025,BSE,EQ,EQ,BUY,FALSE,20,103.8,3250400,2.50819E+14,8/19/2025 10:33
BMW,,8/19/2025,BSE,EQ,EQ,SELL,FALSE,68,47.5,4038800,2.50819E+14,8/19/2025 10:40
TATATECH,,8/19/2025,BSE,EQ,EQ,BUY,FALSE,5,681.75,6103900,2.50819E+14,8/19/2025 14:41
SONACOMS,,8/20/2025,NSE,EQ,EQ,BUY,FALSE,21,453.6,600287209,2.5082E+14,8/20/2025 9:18
LEHAR,,8/20/2025,BSE,EQ,EQ,BUY,FALSE,36,270,377300,2.5082E+14,8/20/2025 9:20
AWFIS,,8/20/2025,NSE,EQ,EQ,BUY,FALSE,13,578.9,384167,2.5082E+14,8/20/2025 9:20
AWFIS,,8/20/2025,NSE,EQ,EQ,BUY,FALSE,1,578.9,384168,2.5082E+14,8/20/2025 9:20
AWFIS,,8/20/2025,NSE,EQ,EQ,BUY,FALSE,3,578.9,384169,2.5082E+14,8/20/2025 9:20
LUXIND,,8/20/2025,NSE,EQ,EQ,BUY,FALSE,1,1355,403384317,2.5082E+14,8/20/2025 11:25
ITDC,,8/20/2025,BSE,EQ,EQ,SELL,FALSE,10,562.1,7495100,2.5082E+14,8/20/2025 11:30
STERTOOLS,,8/20/2025,BSE,EQ,EQ,SELL,FALSE,10,322.2,16840500,2.5082E+14,8/20/2025 11:31
ITC,,8/20/2025,NSE,EQ,EQ,SELL,FALSE,30,409.65,204372568,2.5082E+14,8/20/2025 11:31
LODHA,,8/20/2025,NSE,EQ,EQ,SELL,FALSE,3,1271.3,403464611,2.5082E+14,8/20/2025 11:32
LODHA,,8/20/2025,NSE,EQ,EQ,SELL,FALSE,1,1271.3,403464612,2.5082E+14,8/20/2025 11:32
INDUSTOWER,,8/20/2025,NSE,EQ,EQ,SELL,FALSE,10,349,206644525,2.5082E+14,8/20/2025 13:28
COALINDIA,,8/21/2025,NSE,EQ,EQ,BUY,FALSE,27,379.45,31253,2.50821E+14,8/21/2025 9:15
LEHAR,,8/21/2025,BSE,EQ,EQ,SELL,FALSE,36,290,2805600,2.50821E+14,8/21/2025 10:48
ITDC,,8/21/2025,NSE,EQ,EQ,BUY,FALSE,2,564.35,203545381,2.50821E+14,8/21/2025 11:04
GAEL,,8/21/2025,NSE,EQ,EQ,BUY,FALSE,10,106.59,203566417,2.50821E+14,8/21/2025 11:05
INFY,,8/21/2025,NSE,EQ,EQ,BUY,FALSE,1,1499,203617237,2.50821E+14,8/21/2025 11:08
LODHA,,8/21/2025,NSE,EQ,EQ,SELL,FALSE,3,1295.1,405480691,2.50821E+14,8/21/2025 13:40
DEEDEV,,8/22/2025,NSE,EQ,EQ,BUY,FALSE,107,275,200047901,2.50822E+14,8/22/2025 9:15
PPLPHARMA,,8/22/2025,NSE,EQ,EQ,SELL,FALSE,30,192.9,400781160,2.50822E+14,8/22/2025 9:33
PPLPHARMA,,8/22/2025,NSE,EQ,EQ,SELL,FALSE,57,192.88,400781161,2.50822E+14,8/22/2025 9:33
PPLPHARMA,,8/22/2025,NSE,EQ,EQ,SELL,FALSE,16,192.88,400781162,2.50822E+14,8/22/2025 9:33
PERSISTENT,,8/22/2025,NSE,EQ,EQ,SELL,FALSE,1,5351,400812355,2.50822E+14,8/22/2025 9:34
DEEDEV,,8/22/2025,NSE,EQ,EQ,SELL,FALSE,28,275.05,201250432,2.50822E+14,8/22/2025 9:41
DEEDEV,,8/22/2025,NSE,EQ,EQ,SELL,FALSE,4,275,201250433,2.50822E+14,8/22/2025 9:41
DEEDEV,,8/22/2025,NSE,EQ,EQ,SELL,FALSE,35,274.95,201250434,2.50822E+14,8/22/2025 9:41
DEEDEV,,8/22/2025,NSE,EQ,EQ,SELL,FALSE,1,274.9,201250435,2.50822E+14,8/22/2025 9:41
DEEDEV,,8/22/2025,NSE,EQ,EQ,SELL,FALSE,11,274.9,201250436,2.50822E+14,8/22/2025 9:41
DEEDEV,,8/22/2025,NSE,EQ,EQ,SELL,FALSE,1,274.85,201250437,2.50822E+14,8/22/2025 9:41
DEEDEV,,8/22/2025,NSE,EQ,EQ,SELL,FALSE,18,274.85,201250438,2.50822E+14,8/22/2025 9:41
DEEDEV,,8/22/2025,NSE,EQ,EQ,SELL,FALSE,9,274.85,201250439,2.50822E+14,8/22/2025 9:41
PPLPHARMA,,8/22/2025,NSE,EQ,EQ,BUY,FALSE,51,194.79,401285897,2.50822E+14,8/22/2025 9:55
PFC,,8/22/2025,NSE,EQ,EQ,BUY,FALSE,22,400.7,402667275,2.50822E+14,8/22/2025 11:24
PFC,,8/22/2025,NSE,EQ,EQ,BUY,FALSE,3,400.7,402667276,2.50822E+14,8/22/2025 11:24
DATAPATTNS,,8/25/2025,NSE,EQ,EQ,BUY,FALSE,1,2615,200083105,2.50825E+14,8/25/2025 9:15
IGPL,,8/25/2025,NSE,EQ,EQ,SELL,FALSE,5,460,200386713,2.50825E+14,8/25/2025 9:19
IGPL,,8/25/2025,NSE,EQ,EQ,SELL,FALSE,16,460,200386714,2.50825E+14,8/25/2025 9:19
INFY,,8/25/2025,BSE,EQ,EQ,SELL,FALSE,2,1516.6,1348900,2.50825E+14,8/25/2025 9:23
TCS,,8/25/2025,NSE,EQ,EQ,BUY,FALSE,2,3117.9,600904947,2.50825E+14,8/25/2025 9:32
TCS,,8/25/2025,NSE,EQ,EQ,BUY,FALSE,1,3117.9,600904948,2.50825E+14,8/25/2025 9:32
BMW,,8/25/2025,BSE,EQ,EQ,SELL,FALSE,200,48.5,1406000,2.50825E+14,8/25/2025 9:32
CMSINFO,,8/25/2025,NSE,EQ,EQ,BUY,FALSE,13,445.8,1247275,2.50825E+14,8/25/2025 9:58
COALINDIA,,8/25/2025,NSE,EQ,EQ,SELL,FALSE,20,380.25,4306024,2.50825E+14,8/25/2025 13:53
BBL,,8/25/2025,NSE,EQ,EQ,BUY,FALSE,1,2820,4424472,2.50825E+14,8/25/2025 14:03
BBL,,8/25/2025,NSE,EQ,EQ,BUY,FALSE,1,2820,4424569,2.50825E+14,8/25/2025 14:03
