symbol,isin,trade_date,exchange,segment,series,trade_type,auction,quantity,price,trade_id,order_id,order_execution_time
MUNJALSHOW,INE577A01027,8/1/2024,NSE,EQ,EQ,buy,False,25,180.0,405599012,1200000012173274.0,2024-08-01T09:58:08
LUXIND,INE150G01020,8/1/2024,BSE,EQ,B,buy,False,2,2000.0,1659400,1.7224830001162235e+18,2024-08-01T09:59:18
TATATECH,INE142M01025,8/1/2024,NSE,EQ,EQ,buy,False,2,999.8,602441775,1300000011338867.0,2024-08-01T09:59:40
LODHA,INE670K01029,8/1/2024,NSE,EQ,EQ,buy,False,3,1294.0,402587564,1200000013025972.0,2024-08-01T10:02:17
RUPA,INE895B01021,8/1/2024,BSE,EQ,B,buy,False,20,317.0,16600300,1.722486063919848e+18,2024-08-01T10:05:56
BEL,INE263A01024,8/1/2024,BSE,EQ,A,sell,False,30,310.85,2038200,1.7224878233053494e+18,2024-08-01T10:45:37
ITDC,INE353K01014,8/1/2024,BSE,EQ,B,sell,False,10,816.0,39366700,1.7224887464935718e+18,2024-08-01T10:46:07
TATAMOTORS,INE155A01022,8/1/2024,BSE,EQ,A,sell,False,15,1139.5,5290600,1.722489732550136e+18,2024-08-01T11:01:25
TATASTEEL,INE081A01020,8/1/2024,NSE,EQ,EQ,buy,False,60,162.0,606044062,1300000027618218.0,2024-08-01T11:52:57
KABRAEXTRU,INE900B01029,8/1/2024,BSE,EQ,B,sell,False,10,415.0,1783600,1.7224830001075832e+18,2024-08-01T12:18:56
ENGINERSIN,INE510A01028,8/1/2024,BSE,EQ,A,sell,False,30,259.05,1756400,1.722489998771697e+18,2024-08-01T12:32:47
HINDCOPPER,INE531E01026,8/1/2024,BSE,EQ,A,sell,False,10,322.0,4602800,1.7224941001964516e+18,2024-08-01T12:49:45
AMAL-X,INE841D01013,8/1/2024,BSE,EQ,X,sell,False,10,357.0,15386600,1.7224825279091182e+18,2024-08-01T12:55:26
SHANKARA,INE274V01019,8/1/2024,BSE,EQ,B,sell,False,2,675.0,57119400,1.7225005006029852e+18,2024-08-01T14:15:42
SHANKARA,INE274V01019,8/1/2024,BSE,EQ,B,sell,False,3,675.0,57119600,1.7225005006029852e+18,2024-08-01T14:15:42
KAMOPAINTS,INE0BTI01037,8/2/2024,NSE,EQ,EQ,buy,False,13,38.8,400076253,1200000000304041.0,2024-08-02T09:15:03
BERGEPAINT,INE463A01038,8/2/2024,NSE,EQ,EQ,sell,False,20,545.05,45816,1000000000257438.0,2024-08-02T09:15:03
KAMOPAINTS,INE0BTI01037,8/2/2024,NSE,EQ,EQ,buy,False,36,38.8,400053562,1200000000304041.0,2024-08-02T09:15:03
KAMOPAINTS,INE0BTI01037,8/2/2024,NSE,EQ,EQ,buy,False,36,38.8,400053570,1200000000304041.0,2024-08-02T09:15:03
KAMOPAINTS,INE0BTI01037,8/2/2024,NSE,EQ,EQ,buy,False,15,38.8,400076254,1200000000304041.0,2024-08-02T09:15:03
LOKESHMACH,INE397H01017,8/2/2024,BSE,EQ,B,buy,False,20,415.0,1570800,1.722569400001314e+18,2024-08-02T09:15:07
SBIN,INE062A01020,8/2/2024,NSE,EQ,EQ,buy,False,10,853.75,600121443,1300000000488259.0,2024-08-02T09:15:13
BANKINDIA,INE084A01016,8/2/2024,NSE,EQ,EQ,sell,False,70,124.36,76257,1000000000358639.0,2024-08-02T09:15:14
ITDC,INE353K01014,8/2/2024,BSE,EQ,B,buy,False,5,793.6,19729500,1.7225725177771935e+18,2024-08-02T09:55:05
IRCTC,INE335Y01020,8/2/2024,BSE,EQ,A,buy,False,2,966.9,68910200,1.722572669894364e+18,2024-08-02T09:59:28
HINDCOPPER,INE531E01026,8/2/2024,BSE,EQ,A,buy,False,5,309.3,4171300,1.722569400086886e+18,2024-08-02T10:03:47
NATIONALUM,INE139A01034,8/2/2024,NSE,EQ,EQ,buy,False,15,185.13,402571872,1200000014035153.0,2024-08-02T10:04:21
TATASTEEL,INE081A01020,8/2/2024,NSE,EQ,EQ,buy,False,20,158.9,606336419,1300000030060015.0,2024-08-02T11:28:45
TATAPOWER,INE245A01021,8/5/2024,NSE,EQ,EQ,sell,False,50,448.0,600131334,1300000000421996.0,2024-08-05T09:15:02
JINDALSAW,INE324A01024,8/5/2024,NSE,EQ,EQ,sell,False,2,635.0,400345101,1200000000521975.0,2024-08-05T09:15:18
JINDALSAW,INE324A01024,8/5/2024,NSE,EQ,EQ,sell,False,3,635.0,400345102,1200000000521975.0,2024-08-05T09:15:18
NOCIL,INE163A01018,8/5/2024,NSE,EQ,EQ,buy,False,30,308.55,400160909,1200000000533691.0,2024-08-05T09:15:19
UDS,INE851I01011,8/5/2024,NSE,EQ,EQ,buy,False,25,310.0,600369315,1300000000934113.0,2024-08-05T09:15:53
FIVESTAR,INE128S01021,8/5/2024,BSE,EQ,A,sell,False,9,745.0,41279900,1.7228298482551055e+18,2024-08-05T09:21:49
FIVESTAR,INE128S01021,8/5/2024,BSE,EQ,A,sell,False,1,745.0,41279800,1.7228298482551055e+18,2024-08-05T09:21:49
KCP,INE805C01028,8/5/2024,NSE,EQ,EQ,buy,False,1,229.94,401215769,1200000004482619.0,2024-08-05T09:23:18
KCP,INE805C01028,8/5/2024,NSE,EQ,EQ,buy,False,4,229.94,401215770,1200000004482619.0,2024-08-05T09:23:18
KCP,INE805C01028,8/5/2024,NSE,EQ,EQ,buy,False,5,230.0,401215771,1200000004482619.0,2024-08-05T09:23:18
POWERMECH,INE211R01019,8/5/2024,NSE,EQ,EQ,buy,False,2,5896.95,401308062,1200000004859491.0,2024-08-05T09:24:06
SHALBY,INE597J01018,8/5/2024,NSE,EQ,EQ,buy,False,10,270.0,601462219,1300000004801394.0,2024-08-05T09:24:17
FIVESTAR,INE128S01021,8/5/2024,NSE,EQ,EQ,sell,False,15,742.35,201676943,1100000006101457.0,2024-08-05T09:26:24
ECLERX,INE738I01010,8/5/2024,BSE,EQ,A,sell,False,1,2371.0,62245100,1.7228301814510364e+18,2024-08-05T09:27:11
BEARDSELL,INE520H01022,8/5/2024,NSE,EQ,EQ,sell,False,76,35.52,1425035,1000000005391950.0,2024-08-05T09:27:42
BEARDSELL,INE520H01022,8/5/2024,NSE,EQ,EQ,sell,False,24,35.51,1425036,1000000005391950.0,2024-08-05T09:27:42
KAMOPAINTS,INE0BTI01037,8/5/2024,BSE,EQ,B,sell,False,12,38.61,18404500,1.722829831292159e+18,2024-08-05T09:28:18
KAMOPAINTS,INE0BTI01037,8/5/2024,BSE,EQ,B,sell,False,88,38.6,18404700,1.722829831292159e+18,2024-08-05T09:28:18
NH,INE410P01011,8/5/2024,NSE,EQ,EQ,sell,False,15,1210.45,401877287,1200000007178247.0,2024-08-05T09:29:15
BEL,INE263A01024,8/5/2024,BSE,EQ,A,buy,False,10,286.1,6080400,1.7228286000167685e+18,2024-08-05T09:30:31
ITDC,INE353K01014,8/5/2024,BSE,EQ,B,buy,False,5,744.5,19423500,1.7228298575239695e+18,2024-08-05T09:30:57
KCP,INE805C01028,8/5/2024,NSE,EQ,EQ,sell,False,6,228.4,402298919,1200000008932673.0,2024-08-05T09:33:24
KCP,INE805C01028,8/5/2024,NSE,EQ,EQ,sell,False,4,228.42,402298918,1200000008932673.0,2024-08-05T09:33:24
NATIONALUM,INE139A01034,8/5/2024,BSE,EQ,A,buy,False,20,178.7,3652400,1.7228286000208632e+18,2024-08-05T09:41:13
AMAL-X,INE841D01013,8/5/2024,BSE,EQ,X,buy,False,8,341.0,5974700,1.722828600001022e+18,2024-08-05T09:42:11
AMAL-X,INE841D01013,8/5/2024,BSE,EQ,X,buy,False,2,340.9,5974500,1.722828600001022e+18,2024-08-05T09:42:11
FIVESTAR,INE128S01021,8/5/2024,NSE,EQ,EQ,buy,False,15,740.0,207850319,1100000012782764.0,2024-08-05T09:43:15
HINDCOPPER,INE531E01026,8/5/2024,BSE,EQ,A,buy,False,10,301.8,5536900,1.7228286000199378e+18,2024-08-05T09:43:50
IRCTC,INE335Y01020,8/5/2024,NSE,EQ,EQ,buy,False,2,950.8,203334110,1100000013051984.0,2024-08-05T09:44:07
ITDC,INE353K01014,8/5/2024,BSE,EQ,B,buy,False,5,750.0,52638600,1.722830952752422e+18,2024-08-05T09:44:43
KABRAEXTRU,INE900B01029,8/5/2024,NSE,EQ,EQ,buy,False,10,390.5,403188725,1200000013166603.0,2024-08-05T09:45:32
LODHA,INE670K01029,8/5/2024,BSE,EQ,A,buy,False,2,1187.15,109787400,1.7228308687569393e+18,2024-08-05T09:46:03
LODHA,INE670K01029,8/5/2024,BSE,EQ,A,buy,False,2,1187.5,109787600,1.7228308687569393e+18,2024-08-05T09:46:03
LOKESHMACH,INE397H01017,8/5/2024,NSE,EQ,EQ,buy,False,10,405.0,403905728,1200000013514772.0,2024-08-05T09:46:38
SHALBY,INE597J01018,8/5/2024,NSE,EQ,EQ,buy,False,2,273.9,603804946,1300000013466138.0,2024-08-05T09:47:32
SHALBY,INE597J01018,8/5/2024,NSE,EQ,EQ,buy,False,7,273.9,603804947,1300000013466138.0,2024-08-05T09:47:32
SHALBY,INE597J01018,8/5/2024,NSE,EQ,EQ,buy,False,1,273.9,603804945,1300000013466138.0,2024-08-05T09:47:32
TATAINVEST,INE672A01018,8/5/2024,BSE,EQ,A,buy,False,1,6119.95,113262300,1.722831475064212e+18,2024-08-05T09:48:26
BEL,INE263A01024,8/5/2024,BSE,EQ,A,buy,False,4,290.0,13300600,1.7228305669408852e+18,2024-08-05T10:05:20
BEL,INE263A01024,8/5/2024,BSE,EQ,A,buy,False,6,290.0,13300400,1.7228305669408852e+18,2024-08-05T10:05:20
SBIN,INE062A01020,8/5/2024,BSE,EQ,A,buy,False,10,827.45,5284800,1.7228318913661957e+18,2024-08-05T10:08:20
RUPA,INE895B01021,8/5/2024,BSE,EQ,B,buy,False,10,312.45,45798400,1.722833217548902e+18,2024-08-05T10:30:12
PRICOLLTD,INE726V01018,8/5/2024,NSE,EQ,EQ,buy,False,20,495.0,406073812,1200000027797768.0,2024-08-05T10:47:00
ECLERX,INE738I01010,8/5/2024,BSE,EQ,A,buy,False,1,2350.0,201849400,1.7228366668581612e+18,2024-08-05T11:15:15
MAHABANK,INE457A01014,8/5/2024,NSE,EQ,EQ,buy,False,100,62.5,407965148,1200000037050780.0,2024-08-05T11:23:15
FIVESTAR,INE128S01021,8/6/2024,BSE,EQ,A,buy,False,10,728.65,46768200,1.7229168992236403e+18,2024-08-06T09:34:01
ECLERX,INE738I01010,8/6/2024,BSE,EQ,A,sell,False,1,2437.45,49627500,1.722917065773128e+18,2024-08-06T09:36:10
VSSL,INE050M01012,8/6/2024,BSE,EQ,B,buy,False,10,268.8,12692600,1.7229168857027305e+18,2024-08-06T09:41:20
SOUTHBANK,INE683A01023,8/6/2024,BSE,EQ,A,buy,False,50,25.27,1928700,1.7229150000478085e+18,2024-08-06T09:42:22
TIINDIA,INE974X01010,8/6/2024,NSE,EQ,EQ,buy,False,1,4020.8,602131176,1300000009264929.0,2024-08-06T09:43:08
IRCTC,INE335Y01020,8/6/2024,NSE,EQ,EQ,buy,False,2,942.5,202429079,1100000012120168.0,2024-08-06T09:53:01
PRICOLLTD,INE726V01018,8/6/2024,BSE,EQ,A,sell,False,10,493.85,239555000,1.7229250528502492e+18,2024-08-06T11:51:49
PRICOLLTD,INE726V01018,8/6/2024,BSE,EQ,A,sell,False,2,493.7,239555200,1.7229250528502492e+18,2024-08-06T11:51:49
PRICOLLTD,INE726V01018,8/6/2024,BSE,EQ,A,sell,False,8,493.9,239554700,1.7229250528502492e+18,2024-08-06T11:51:49
AARTIPHARM,INE0LRU01027,8/6/2024,NSE,EQ,EQ,sell,False,10,599.55,7654005,1000000044961707.0,2024-08-06T14:19:53
ICICIPRULI,INE726G01019,8/6/2024,NSE,EQ,EQ,buy,False,10,698.0,211835935,1100000066247459.0,2024-08-06T15:16:43
ITDC,INE353K01014,8/6/2024,NSE,EQ,EQ,buy,False,1,716.9,212010154,1100000066799163.0,2024-08-06T15:19:22
ITDC,INE353K01014,8/6/2024,NSE,EQ,EQ,buy,False,1,716.9,212010150,1100000066799163.0,2024-08-06T15:19:22
ITDC,INE353K01014,8/6/2024,NSE,EQ,EQ,buy,False,1,716.9,212010151,1100000066799163.0,2024-08-06T15:19:22
ITDC,INE353K01014,8/6/2024,NSE,EQ,EQ,buy,False,1,716.9,212010152,1100000066799163.0,2024-08-06T15:19:22
ITDC,INE353K01014,8/6/2024,NSE,EQ,EQ,buy,False,1,716.9,212010153,1100000066799163.0,2024-08-06T15:19:22
FIVESTAR,INE128S01021,8/7/2024,BSE,EQ,A,buy,False,3,725.35,48949900,1.7230038716581865e+18,2024-08-07T09:42:41
FIVESTAR,INE128S01021,8/7/2024,BSE,EQ,A,buy,False,2,725.4,48950100,1.7230038716581865e+18,2024-08-07T09:42:41
SBIN,INE062A01020,8/7/2024,BSE,EQ,A,buy,False,5,803.35,1583000,1.723001400076508e+18,2024-08-07T09:43:09
AARTIPHARM,INE0LRU01027,8/7/2024,NSE,EQ,EQ,buy,False,4,600.85,1317892,1000000007493557.0,2024-08-07T09:43:35
AARTIPHARM,INE0LRU01027,8/7/2024,NSE,EQ,EQ,buy,False,1,600.75,1317891,1000000007493557.0,2024-08-07T09:43:35
LODHA,INE670K01029,8/7/2024,BSE,EQ,A,buy,False,1,1211.4,50869900,1.7230040295952494e+18,2024-08-07T09:44:37
LODHA,INE670K01029,8/7/2024,BSE,EQ,A,buy,False,1,1211.45,50870100,1.7230040295952494e+18,2024-08-07T09:44:37
ICICIPRULI,INE726G01019,8/7/2024,NSE,EQ,EQ,sell,False,1,710.45,201869252,1100000009996298.0,2024-08-07T09:46:15
ICICIPRULI,INE726G01019,8/7/2024,NSE,EQ,EQ,sell,False,1,710.45,201869251,1100000009996298.0,2024-08-07T09:46:15
ICICIPRULI,INE726G01019,8/7/2024,NSE,EQ,EQ,sell,False,8,710.45,201869253,1100000009996298.0,2024-08-07T09:46:15
UDS,INE851I01011,8/7/2024,NSE,EQ,EQ,sell,False,25,310.2,601867222,1300000009235445.0,2024-08-07T09:46:30
RUPA,INE895B01021,8/7/2024,BSE,EQ,B,sell,False,20,312.5,10719800,1.723003623615684e+18,2024-08-07T09:48:25
ITDC,INE353K01014,8/7/2024,NSE,EQ,EQ,buy,False,2,730.8,201982837,1100000010679784.0,2024-08-07T09:49:08
ITDC,INE353K01014,8/7/2024,NSE,EQ,EQ,buy,False,3,730.8,201982838,1100000010679784.0,2024-08-07T09:49:08
LUXIND,INE150G01020,8/7/2024,BSE,EQ,B,sell,False,1,2307.1,336900,1.7230014000851564e+18,2024-08-07T09:49:58
LUXIND,INE150G01020,8/7/2024,BSE,EQ,B,sell,False,1,2307.0,337300,1.7230014000851564e+18,2024-08-07T09:49:58
LUXIND,INE150G01020,8/7/2024,BSE,EQ,B,sell,False,1,2307.05,337100,1.7230014000851564e+18,2024-08-07T09:49:58
LUXIND,INE150G01020,8/7/2024,BSE,EQ,B,sell,False,4,2306.8,337500,1.7230014000851564e+18,2024-08-07T09:49:58
BEARDSELL,INE520H01022,8/7/2024,NSE,EQ,EQ,buy,False,50,35.59,1539989,1000000008801144.0,2024-08-07T09:50:42
SHALBY,INE597J01018,8/7/2024,NSE,EQ,EQ,buy,False,1,265.45,602120662,1300000010556257.0,2024-08-07T09:53:24
SHALBY,INE597J01018,8/7/2024,NSE,EQ,EQ,buy,False,9,265.45,602120663,1300000010556257.0,2024-08-07T09:53:24
SOUTHBANK,INE683A01023,8/7/2024,BSE,EQ,A,buy,False,50,25.05,2187000,1.723004519452028e+18,2024-08-07T09:55:28
IRCTC,INE335Y01020,8/7/2024,BSE,EQ,A,buy,False,2,924.6,61168100,1.7230046231647168e+18,2024-08-07T09:56:10
HINDCOPPER,INE531E01026,8/7/2024,BSE,EQ,A,buy,False,5,291.7,3573100,1.7230059885764196e+18,2024-08-07T10:57:05
BAJAJFINSV,INE918I01026,8/7/2024,NSE,EQ,EQ,buy,False,2,1565.9,6648261,1000000040760800.0,2024-08-07T14:12:44
KABRAEXTRU,INE900B01029,8/8/2024,BSE,EQ,B,sell,False,25,392.6,55200,1.723087800269004e+18,2024-08-08T09:21:26
NOCIL,INE163A01018,8/8/2024,BSE,EQ,A,buy,False,10,303.45,425600,1.7230878002541957e+18,2024-08-08T09:24:51
LODHA,INE670K01029,8/8/2024,BSE,EQ,A,buy,False,2,1216.6,25560300,1.7230893346211215e+18,2024-08-08T09:25:48
NATIONALUM,INE139A01034,8/8/2024,BSE,EQ,A,buy,False,10,174.8,2880700,1.7230946389255483e+18,2024-08-08T11:44:10
IRCTC,INE335Y01020,8/8/2024,BSE,EQ,A,buy,False,2,932.9,153183600,1.723103841277322e+18,2024-08-08T13:32:43
RUPA,INE895B01021,8/8/2024,NSE,EQ,EQ,sell,False,40,310.0,608796567,1300000047637041.0,2024-08-08T14:08:10
BERGEPAINT,INE463A01038,8/8/2024,NSE,EQ,EQ,buy,False,10,520.0,7406473,1000000045239609.0,2024-08-08T14:28:56
HINDCOPPER,INE531E01026,8/9/2024,BSE,EQ,A,sell,False,10,302.05,297300,1.7231742000200735e+18,2024-08-09T09:17:52
NATIONALUM,INE139A01034,8/9/2024,BSE,EQ,A,sell,False,10,175.85,240700,1.7231742000241144e+18,2024-08-09T09:18:34
ITDC,INE353K01014,8/9/2024,NSE,EQ,EQ,sell,False,5,760.0,201036153,1100000005459213.0,2024-08-09T09:30:27
NOCIL,INE163A01018,8/9/2024,NSE,EQ,EQ,buy,False,5,293.45,402394230,1200000013103881.0,2024-08-09T10:06:05
NOCIL,INE163A01018,8/9/2024,NSE,EQ,EQ,buy,False,5,293.45,402394229,1200000013103881.0,2024-08-09T10:06:05
TATASTEEL,INE081A01020,8/9/2024,BSE,EQ,A,buy,False,20,152.3,3521200,1.723176866026514e+18,2024-08-09T10:07:42
SBIN,INE062A01020,8/9/2024,NSE,EQ,EQ,buy,False,2,812.15,602640677,1300000012694693.0,2024-08-09T10:10:01
BAJAJFINSV,INE918I01026,8/9/2024,BSE,EQ,A,buy,False,2,1546.65,2540600,1.7231767146626153e+18,2024-08-09T10:10:44
FIVESTAR,INE128S01021,8/9/2024,BSE,EQ,A,buy,False,2,723.15,69427900,1.723178268567526e+18,2024-08-09T10:12:11
FIVESTAR,INE128S01021,8/12/2024,BSE,EQ,A,buy,False,2,701.0,49442200,1.7234350876189412e+18,2024-08-12T09:30:51
LOKESHMACH,INE397H01017,8/12/2024,BSE,EQ,B,buy,False,5,401.1,9459100,1.723433400001415e+18,2024-08-12T09:33:48
HINDCOPPER,INE531E01026,8/12/2024,BSE,EQ,A,sell,False,10,302.25,2211900,1.7234334000186857e+18,2024-08-12T09:35:26
BEL,INE263A01024,8/12/2024,NSE,EQ,EQ,sell,False,10,300.0,1802863,1000000008702882.0,2024-08-12T09:37:09
FIVESTAR,INE128S01021,8/12/2024,BSE,EQ,A,buy,False,2,697.05,130496400,1.7234400253408576e+18,2024-08-12T10:54:56
NATIONALUM,INE139A01034,8/12/2024,NSE,EQ,EQ,buy,False,10,175.9,405011171,1200000024705209.0,2024-08-12T10:55:30
BAJAJFINSV,INE918I01026,8/12/2024,NSE,EQ,EQ,buy,False,1,1565.3,4251587,1000000024088883.0,2024-08-12T10:57:47
ITDC,INE353K01014,8/12/2024,BSE,EQ,B,buy,False,5,744.4,51640300,1.7234477381407352e+18,2024-08-12T13:15:56
NOCIL,INE163A01018,8/12/2024,NSE,EQ,EQ,buy,False,9,297.35,408306854,1200000045342912.0,2024-08-12T13:17:56
NOCIL,INE163A01018,8/12/2024,NSE,EQ,EQ,buy,False,1,297.35,408306855,1200000045342912.0,2024-08-12T13:17:56
TIINDIA,INE974X01010,8/13/2024,NSE,EQ,EQ,buy,False,1,3947.95,600557066,1300000002235083.0,2024-08-13T09:19:53
FIVESTAR,INE128S01021,8/13/2024,NSE,EQ,EQ,buy,False,2,692.75,200751713,1100000003344571.0,2024-08-13T09:22:11
SOUTHBANK,INE683A01023,8/13/2024,BSE,EQ,A,buy,False,50,24.83,531300,1.7235198000982543e+18,2024-08-13T09:23:09
TATASTEEL,INE081A01020,8/13/2024,NSE,EQ,EQ,buy,False,8,151.96,601036235,1300000004287465.0,2024-08-13T09:26:56
TATASTEEL,INE081A01020,8/13/2024,NSE,EQ,EQ,buy,False,2,152.0,601036236,1300000004287465.0,2024-08-13T09:26:56
BERGEPAINT,INE463A01038,8/13/2024,NSE,EQ,EQ,sell,False,10,523.5,708633,1000000003916664.0,2024-08-13T09:27:19
MAHABANK,INE457A01014,8/13/2024,NSE,EQ,EQ,buy,False,100,61.44,401590158,1200000006609515.0,2024-08-13T09:31:51
HINDCOPPER,INE531E01026,8/14/2024,NSE,EQ,EQ,sell,False,20,306.0,201180888,1100000005969323.0,2024-08-14T09:30:32
AARTIPHARM,INE0LRU01027,8/14/2024,BSE,EQ,A,buy,False,3,568.0,60648800,1.723609251646216e+18,2024-08-14T09:51:40
AARTIPHARM,INE0LRU01027,8/14/2024,BSE,EQ,A,buy,False,2,568.9,60649000,1.723609251646216e+18,2024-08-14T09:51:40
TPHQ-T,INE065J01024,8/14/2024,BSE,EQ,T,buy,False,1000,1.43,2691000,1.7236062000000553e+18,2024-08-14T09:53:01
BEARDSELL,INE520H01022,8/16/2024,NSE,EQ,EQ,sell,False,200,36.5,148497,1000000000665639.0,2024-08-16T09:16:14
TATASTEEL,INE081A01020,8/16/2024,BSE,EQ,A,buy,False,10,147.9,1323400,1.723779000020264e+18,2024-08-16T09:20:31
LODHA,INE670K01029,8/16/2024,BSE,EQ,A,sell,False,3,1269.0,22155100,1.7237804530390344e+18,2024-08-16T09:24:23
SOUTHBANK,INE683A01023,8/16/2024,BSE,EQ,A,buy,False,50,24.24,3754700,1.7237822140316265e+18,2024-08-16T10:09:03
FIVESTAR,INE128S01021,8/16/2024,NSE,EQ,EQ,buy,False,2,710.6,204907171,1100000027858818.0,2024-08-16T11:48:49
HINDCOPPER,INE531E01026,8/16/2024,BSE,EQ,A,buy,False,5,304.35,4595500,1.7237906408202796e+18,2024-08-16T12:59:15
APTUS,INE852O01025,8/16/2024,BSE,EQ,A,buy,False,10,301.95,127603400,1.7237931314058555e+18,2024-08-16T13:00:41
ITDC,INE353K01014,8/19/2024,NSE,EQ,EQ,buy,False,3,716.6,201671336,1100000008551480.0,2024-08-19T09:45:07
NOCIL,INE163A01018,8/19/2024,BSE,EQ,A,buy,False,10,289.15,727700,1.7240382000976404e+18,2024-08-19T09:47:25
FIVESTAR,INE128S01021,8/19/2024,NSE,EQ,EQ,sell,False,5,713.45,201872593,1100000009611320.0,2024-08-19T09:50:28
TATASTEEL,INE081A01020,8/19/2024,BSE,EQ,A,buy,False,10,151.35,3222900,1.7240414681190346e+18,2024-08-19T09:57:01
NH,INE410P01011,8/19/2024,NSE,EQ,EQ,buy,False,10,1180.2,407997065,1200000045224032.0,2024-08-19T13:48:23
SBIN,INE062A01020,8/20/2024,NSE,EQ,EQ,sell,False,7,819.4,602817638,1300000013025204.0,2024-08-20T10:14:33
TPHQ-T,INE065J01024,8/20/2024,BSE,EQ,T,buy,False,1000,1.4,4352400,1.7241246000000143e+18,2024-08-20T11:40:27
POONAWALLA,INE511C01022,8/20/2024,BSE,EQ,A,sell,False,10,391.1,117706400,1.7241339818315607e+18,2024-08-20T11:42:27
TIINDIA,INE974X01010,8/21/2024,NSE,EQ,EQ,sell,False,1,4071.9,602086133,1300000009881790.0,2024-08-21T09:58:36
TATASTEEL,INE081A01020,8/21/2024,BSE,EQ,A,buy,False,10,152.7,3756500,1.7242153799057408e+18,2024-08-21T11:01:28
NATIONALUM,INE139A01034,8/21/2024,NSE,EQ,EQ,buy,False,10,170.2,404626381,1200000022835430.0,2024-08-21T11:10:02
NOCIL,INE163A01018,8/21/2024,BSE,EQ,A,buy,False,10,292.3,1417200,1.7242168471082844e+18,2024-08-21T11:12:38
LODHA,INE670K01029,8/21/2024,BSE,EQ,A,buy,False,2,1234.95,151251900,1.7242289189963697e+18,2024-08-21T14:02:52
NH,INE410P01011,8/22/2024,NSE,EQ,EQ,sell,False,10,1241.1,401407083,1200000006707941.0,2024-08-22T09:34:45
LODHA,INE670K01029,8/22/2024,BSE,EQ,A,buy,False,2,1234.4,57391100,1.7243008410036375e+18,2024-08-22T09:59:37
APTUS,INE852O01025,8/22/2024,NSE,EQ,EQ,sell,False,10,310.0,2242829,1000000012690023.0,2024-08-22T10:20:54
TATATECH,INE142M01025,8/22/2024,BSE,EQ,B,sell,False,2,1015.0,4021000,1.7243065427023872e+18,2024-08-22T13:07:11
TATATECH,INE142M01025,8/22/2024,BSE,EQ,B,sell,False,1,1015.0,4020500,1.7243065427023872e+18,2024-08-22T13:07:11
TATATECH,INE142M01025,8/22/2024,BSE,EQ,B,sell,False,1,1015.0,4020600,1.7243065427023872e+18,2024-08-22T13:07:11
TATATECH,INE142M01025,8/22/2024,BSE,EQ,B,sell,False,1,1015.0,4021200,1.7243065427023872e+18,2024-08-22T13:07:11
TATASTEEL,INE081A01020,8/23/2024,NSE,EQ,EQ,buy,False,10,153.37,604156669,1300000019230039.0,2024-08-23T10:55:50
LODHA,INE670K01029,8/23/2024,NSE,EQ,EQ,buy,False,2,1188.35,403851662,1200000021229996.0,2024-08-23T11:00:31
BIOCON,INE376G01013,8/23/2024,NSE,EQ,EQ,buy,False,10,353.0,2991523,1000000017623556.0,2024-08-23T11:06:18
AARTIIND,INE769A01020,8/23/2024,NSE,EQ,EQ,buy,False,5,619.5,4881713,1000000028788429.0,2024-08-23T13:05:40
SOUTHBANK,INE683A01023,8/26/2024,BSE,EQ,A,sell,False,100,26.35,856400,1.724643000009341e+18,2024-08-26T09:30:40
NATIONALUM,INE139A01034,8/26/2024,NSE,EQ,EQ,sell,False,10,176.32,401742274,1200000008037085.0,2024-08-26T09:39:40
SHALBY,INE597J01018,8/26/2024,BSE,EQ,B,sell,False,10,272.95,255700,1.724643000012082e+18,2024-08-26T09:41:24
TORNTPOWER,INE813H01021,8/26/2024,BSE,EQ,A,buy,False,5,1650.0,1001300,1.7246430000075963e+18,2024-08-26T10:11:19
NOCIL,INE163A01018,8/26/2024,NSE,EQ,EQ,buy,False,10,295.4,403114478,1200000015224889.0,2024-08-26T10:16:40
JIOFIN,INE758E01017,8/26/2024,NSE,EQ,EQ,buy,False,30,325.0,403994057,1200000020324553.0,2024-08-26T10:49:31
TIINDIA,INE974X01010,8/26/2024,NSE,EQ,EQ,sell,False,1,4099.75,603760953,1300000018212376.0,2024-08-26T11:05:54
VSSL,INE050M01012,8/26/2024,BSE,EQ,B,sell,False,10,282.0,31388900,1.7246497940627208e+18,2024-08-26T11:10:29
ITDC,INE353K01014,8/26/2024,NSE,EQ,EQ,sell,False,5,755.0,205779488,1100000029035264.0,2024-08-26T12:13:33
ITDC,INE353K01014,8/26/2024,NSE,EQ,EQ,sell,False,4,755.0,205739710,1100000029035264.0,2024-08-26T12:13:33
ITDC,INE353K01014,8/26/2024,NSE,EQ,EQ,sell,False,1,755.0,205711252,1100000029035264.0,2024-08-26T12:13:33
POWERMECH,INE211R01019,8/26/2024,NSE,EQ,EQ,sell,False,2,6975.0,406844769,1200000036329738.0,2024-08-26T12:53:31
AARTIPHARM,INE0LRU01027,8/26/2024,NSE,EQ,EQ,sell,False,1,674.05,5114358,1000000028974952.0,2024-08-26T13:16:50
AARTIPHARM,INE0LRU01027,8/26/2024,NSE,EQ,EQ,sell,False,15,674.05,5114360,1000000028974952.0,2024-08-26T13:16:50
AARTIPHARM,INE0LRU01027,8/26/2024,NSE,EQ,EQ,sell,False,7,674.05,5114361,1000000028974952.0,2024-08-26T13:16:50
AARTIPHARM,INE0LRU01027,8/26/2024,NSE,EQ,EQ,sell,False,22,674.05,5114359,1000000028974952.0,2024-08-26T13:16:50
APTUS,INE852O01025,8/27/2024,BSE,EQ,A,buy,False,10,308.0,93467500,1.7247309590079785e+18,2024-08-27T09:29:21
TATAYODOGA-XT,INE895C01011,8/27/2024,BSE,EQ,XT,sell,False,34,95.0,15931100,1.724729400001072e+18,2024-08-27T09:37:11
TATAYODOGA-XT,INE895C01011,8/27/2024,BSE,EQ,XT,sell,False,3,95.0,15994200,1.724729400001072e+18,2024-08-27T09:37:11
TATAYODOGA-XT,INE895C01011,8/27/2024,BSE,EQ,XT,sell,False,23,95.0,16311100,1.724729400001072e+18,2024-08-27T09:37:11
LOKESHMACH,INE397H01017,8/27/2024,BSE,EQ,B,buy,False,10,360.0,67334700,1.7247438716306555e+18,2024-08-27T13:18:51
PNCINFRA,INE195J01029,8/27/2024,NSE,EQ,EQ,buy,False,30,458.5,406747361,1200000038784312.0,2024-08-27T13:25:09
BEARDSELL,INE520H01022,8/27/2024,NSE,EQ,EQ,sell,False,40,36.0,6468818,1000000037586680.0,2024-08-27T14:49:15
BEARDSELL,INE520H01022,8/27/2024,NSE,EQ,EQ,sell,False,60,36.0,6470098,1000000037586680.0,2024-08-27T14:49:15
AARTIIND,INE769A01020,8/28/2024,NSE,EQ,EQ,sell,False,5,630.4,1028407,1000000005485223.0,2024-08-28T09:35:06
APTUS,INE852O01025,8/28/2024,BSE,EQ,A,sell,False,10,314.25,120146600,1.7248277337509345e+18,2024-08-28T12:27:08
MUNJALSHOW,INE577A01027,8/28/2024,BSE,EQ,B,sell,False,6,176.3,1319000,1.7248158000693852e+18,2024-08-28T13:06:35
MUNJALSHOW,INE577A01027,8/28/2024,BSE,EQ,B,sell,False,4,176.25,1319200,1.7248158000693852e+18,2024-08-28T13:06:35
MUNJALSHOW,INE577A01027,8/28/2024,BSE,EQ,B,sell,False,15,176.2,1319400,1.7248158000693852e+18,2024-08-28T13:06:35
JIOFIN,INE758E01017,8/28/2024,BSE,EQ,A,buy,False,10,324.95,135140000,1.724830282468711e+18,2024-08-28T13:11:43
VSSL,INE050M01012,8/28/2024,BSE,EQ,B,buy,False,3,286.5,31419500,1.7248274416900895e+18,2024-08-28T13:15:11
VSSL,INE050M01012,8/28/2024,BSE,EQ,B,buy,False,1,286.35,31418900,1.7248274416900895e+18,2024-08-28T13:15:11
VSSL,INE050M01012,8/28/2024,BSE,EQ,B,buy,False,1,286.4,31419100,1.7248274416900895e+18,2024-08-28T13:15:11
VSSL,INE050M01012,8/28/2024,BSE,EQ,B,buy,False,5,286.45,31419300,1.7248274416900895e+18,2024-08-28T13:15:11
LODHA,INE670K01029,8/28/2024,NSE,EQ,EQ,buy,False,2,1228.95,406980945,1200000039278534.0,2024-08-28T13:19:11
LOKESHMACH,INE397H01017,8/28/2024,NSE,EQ,EQ,buy,False,10,357.75,409936448,1200000054712614.0,2024-08-28T15:18:21
BEARDSELL,INE520H01022,8/28/2024,NSE,EQ,EQ,buy,False,100,34.97,7056862,1000000040411880.0,2024-08-28T15:19:09
PNCINFRA,INE195J01029,8/29/2024,NSE,EQ,EQ,buy,False,10,459.6,402372210,1200000012355554.0,2024-08-29T10:03:06
TATAINVEST,INE672A01018,8/29/2024,NSE,EQ,EQ,sell,False,3,7075.0,602483515,1300000012838947.0,2024-08-29T10:15:34
TATATECH,INE142M01025,8/29/2024,NSE,EQ,EQ,sell,False,17,1070.25,602823071,1300000014674449.0,2024-08-29T10:28:29
NATIONALUM,INE139A01034,8/29/2024,BSE,EQ,A,sell,False,20,179.9,2170000,1.7249055081646418e+18,2024-08-29T10:38:49
TPHQ-T,INE065J01024,8/29/2024,BSE,EQ,T,sell,False,100,1.64,4340600,1.7249022000000097e+18,2024-08-29T10:56:11
TPHQ-T,INE065J01024,8/29/2024,BSE,EQ,T,sell,False,29,1.64,4236900,1.7249022000000097e+18,2024-08-29T10:56:11
TPHQ-T,INE065J01024,8/29/2024,BSE,EQ,T,sell,False,1470,1.64,4228800,1.7249022000000097e+18,2024-08-29T10:56:11
TPHQ-T,INE065J01024,8/29/2024,BSE,EQ,T,sell,False,251,1.64,4396100,1.7249022000000097e+18,2024-08-29T10:56:11
TPHQ-T,INE065J01024,8/29/2024,BSE,EQ,T,sell,False,150,1.64,4372400,1.7249022000000097e+18,2024-08-29T10:56:11
ITDC,INE353K01014,8/29/2024,BSE,EQ,B,sell,False,5,739.15,35372600,1.7249086221057848e+18,2024-08-29T11:02:46
BEL,INE263A01024,8/29/2024,BSE,EQ,A,buy,False,10,295.65,9846400,1.7249100013283717e+18,2024-08-29T11:45:16
POONAWALLA,INE511C01022,8/29/2024,BSE,EQ,A,sell,False,10,391.6,96515400,1.7249118861455127e+18,2024-08-29T11:45:22
TATATECH,INE142M01025,8/29/2024,NSE,EQ,EQ,buy,False,17,1065.85,604937077,1300000025785082.0,2024-08-29T11:52:55
SHALBY,INE597J01018,8/29/2024,BSE,EQ,B,sell,False,10,270.0,1576300,1.7249022001495964e+18,2024-08-29T12:15:11
TATAINVEST,INE672A01018,8/29/2024,NSE,EQ,EQ,buy,False,3,7110.0,608592426,1300000047624581.0,2024-08-29T14:45:23
POONAWALLA,INE511C01022,8/29/2024,BSE,EQ,A,buy,False,10,392.5,181656400,1.724925086360454e+18,2024-08-29T15:23:18
BBOX-T,INE676A01027,8/30/2024,BSE,EQ,T,buy,False,10,517.0,605300,1.724988600001047e+18,2024-08-30T09:15:03
PNCINFRA,INE195J01029,8/30/2024,NSE,EQ,EQ,buy,False,4,450.1,404429667,1200000025199299.0,2024-08-30T11:30:52
PNCINFRA,INE195J01029,8/30/2024,NSE,EQ,EQ,buy,False,6,450.0,404429666,1200000025199299.0,2024-08-30T11:30:52
BIOCON,INE376G01013,8/30/2024,NSE,EQ,EQ,sell,False,10,361.6,3605725,1000000022594796.0,2024-08-30T11:48:25
POONAWALLA,INE511C01022,8/30/2024,NSE,EQ,EQ,buy,False,7,387.9,406371777,1200000036892100.0,2024-08-30T13:15:59
POONAWALLA,INE511C01022,8/30/2024,NSE,EQ,EQ,buy,False,3,387.9,406371776,1200000036892100.0,2024-08-30T13:15:59
SOUTHBANK,INE683A01023,8/30/2024,BSE,EQ,A,buy,False,50,25.72,10769800,1.725003897421046e+18,2024-08-30T13:18:24
ITDC,INE353K01014,8/30/2024,BSE,EQ,B,buy,False,4,728.55,45081700,1.7250029466044692e+18,2024-08-30T13:18:55
ITDC,INE353K01014,8/30/2024,BSE,EQ,B,buy,False,1,728.6,45081900,1.7250029466044692e+18,2024-08-30T13:18:55
LODHA,INE670K01029,9/2/2024,NSE,EQ,EQ,sell,False,4,1240.15,400557825,1200000002460505.0,2024-09-02T09:19:50
TORNTPOWER,INE813H01021,9/2/2024,BSE,EQ,A,sell,False,5,1710.0,495800,1.7252478000513395e+18,2024-09-02T09:40:24
TATASTEEL,INE081A01020,9/2/2024,BSE,EQ,A,buy,False,10,153.2,5523800,1.7252545295481692e+18,2024-09-02T11:02:29
PNCINFRA,INE195J01029,9/2/2024,BSE,EQ,A,buy,False,5,450.7,4458200,1.7252530105576492e+18,2024-09-02T11:02:53
APTUS,INE852O01025,9/2/2024,NSE,EQ,EQ,sell,False,10,320.05,3930841,1000000024592625.0,2024-09-02T12:03:20
NATIONALUM,INE139A01034,9/3/2024,NSE,EQ,EQ,buy,False,5,179.9,401021470,1200000005057858.0,2024-09-03T09:29:30
NATIONALUM,INE139A01034,9/3/2024,NSE,EQ,EQ,buy,False,5,179.89,401021469,1200000005057858.0,2024-09-03T09:29:30
ITDC,INE353K01014,9/3/2024,NSE,EQ,EQ,buy,False,3,723.85,200985050,1100000005465373.0,2024-09-03T09:30:42
ITDC,INE353K01014,9/3/2024,NSE,EQ,EQ,buy,False,2,724.05,200985051,1100000005465373.0,2024-09-03T09:30:42
BEARDSELL,INE520H01022,9/3/2024,NSE,EQ,EQ,buy,False,50,34.49,2610982,1000000015975179.0,2024-09-03T11:07:37
SHALBY,INE597J01018,9/3/2024,NSE,EQ,EQ,buy,False,10,273.4,603417401,1300000017337810.0,2024-09-03T11:11:46
AARTIIND,INE769A01020,9/4/2024,NSE,EQ,EQ,buy,False,20,611.0,33100,1000000000234731.0,2024-09-04T09:15:01
MAHABANK,INE457A01014,9/4/2024,NSE,EQ,EQ,sell,False,200,61.0,400084729,1200000000327732.0,2024-09-04T09:15:03
BBOX-BE,INE676A01027,9/4/2024,NSE,EQ,BE,sell,False,10,538.0,66149,1000000000355824.0,2024-09-04T09:15:16
LODHA,INE670K01029,9/4/2024,BSE,EQ,A,buy,False,1,1215.05,75676900,1.7254273025998487e+18,2024-09-04T10:58:04
TIINDIA,INE974X01010,9/4/2024,BSE,EQ,A,sell,False,1,4075.0,2099700,1.7254273897850204e+18,2024-09-04T10:59:46
NATIONALUM,INE139A01034,9/5/2024,BSE,EQ,A,buy,False,10,177.45,171900,1.725507000011065e+18,2024-09-05T09:17:53
TATASTEEL,INE081A01020,9/5/2024,BSE,EQ,A,buy,False,10,152.55,598300,1.7255070000152033e+18,2024-09-05T09:23:33
LODHA,INE670K01029,9/5/2024,NSE,EQ,EQ,buy,False,1,1211.55,400788698,1200000003926053.0,2024-09-05T09:24:39
PNCINFRA,INE195J01029,9/5/2024,BSE,EQ,A,buy,False,5,449.9,399700,1.7255070000112297e+18,2024-09-05T09:25:25
LOKESHMACH,INE397H01017,9/5/2024,NSE,EQ,EQ,buy,False,10,355.85,400892443,1200000004420316.0,2024-09-05T09:26:16
AARTIIND,INE769A01020,9/5/2024,BSE,EQ,A,buy,False,10,615.8,1199900,1.725507000009405e+18,2024-09-05T09:27:56
LOKESHMACH,INE397H01017,9/5/2024,NSE,EQ,EQ,sell,False,10,387.45,402909634,1200000014342663.0,2024-09-05T10:11:39
BEL,INE263A01024,9/5/2024,NSE,EQ,EQ,buy,False,10,292.7,4797399,1000000028273047.0,2024-09-05T12:48:14
BEARDSELL,INE520H01022,9/5/2024,NSE,EQ,EQ,sell,False,78,35.74,4828776,1000000028462164.0,2024-09-05T12:50:22
BEARDSELL,INE520H01022,9/5/2024,NSE,EQ,EQ,sell,False,70,35.73,4828777,1000000028462164.0,2024-09-05T12:50:22
BEARDSELL,INE520H01022,9/5/2024,NSE,EQ,EQ,sell,False,2,35.72,4828778,1000000028462164.0,2024-09-05T12:50:22
NOCIL,INE163A01018,9/5/2024,NSE,EQ,EQ,sell,False,10,290.5,407380143,1200000037700285.0,2024-09-05T12:57:03
HINDCOPPER,INE531E01026,9/5/2024,NSE,EQ,EQ,sell,False,30,310.0,206159772,1100000035298751.0,2024-09-05T13:41:28
POONAWALLA,INE511C01022,9/5/2024,NSE,EQ,EQ,sell,False,5,390.0,408281234,1200000042777172.0,2024-09-05T13:41:34
POONAWALLA,INE511C01022,9/5/2024,NSE,EQ,EQ,sell,False,5,390.0,408283218,1200000042777172.0,2024-09-05T13:41:34
BEARDSELL,INE520H01022,9/6/2024,NSE,EQ,EQ,buy,False,100,34.5,1994057,1000000003390396.0,2024-09-06T09:26:30
LODHA,INE670K01029,9/6/2024,BSE,EQ,A,buy,False,1,1207.6,27749000,1.725595010444163e+18,2024-09-06T09:29:09
ITDC,INE353K01014,9/6/2024,NSE,EQ,EQ,buy,False,4,718.25,201200551,1100000006342389.0,2024-09-06T09:35:03
ITDC,INE353K01014,9/6/2024,NSE,EQ,EQ,buy,False,1,718.35,201200552,1100000006342389.0,2024-09-06T09:35:03
AARTIDRUGS,INE767A01016,9/6/2024,NSE,EQ,EQ,buy,False,10,559.65,1375793,1000000007934880.0,2024-09-06T09:50:00
JIOFIN,INE758E01017,9/6/2024,NSE,EQ,EQ,sell,False,40,340.1,402347605,1200000011850937.0,2024-09-06T09:53:28
FIVESTAR,INE128S01021,9/6/2024,NSE,EQ,EQ,sell,False,5,750.0,202510496,1100000013160994.0,2024-09-06T10:03:35
PNCINFRA,INE195J01029,9/6/2024,NSE,EQ,EQ,sell,False,10,455.15,402993839,1200000015068020.0,2024-09-06T10:06:25
SBIN,INE062A01020,9/6/2024,NSE,EQ,EQ,buy,False,5,796.4,602731000,1300000013028393.0,2024-09-06T10:08:36
FIVESTAR,INE128S01021,9/6/2024,NSE,EQ,EQ,sell,False,30,745.0,202784204,1100000014698892.0,2024-09-06T10:09:15
BEL,INE263A01024,9/6/2024,BSE,EQ,A,buy,False,10,282.5,5118500,1.725596815657338e+18,2024-09-06T10:10:49
LOKESHMACH,INE397H01017,9/6/2024,NSE,EQ,EQ,sell,False,24,411.3,406921680,1200000038505681.0,2024-09-06T12:23:34
LOKESHMACH,INE397H01017,9/6/2024,NSE,EQ,EQ,sell,False,2,412.1,406921677,1200000038505681.0,2024-09-06T12:23:34
LOKESHMACH,INE397H01017,9/6/2024,NSE,EQ,EQ,sell,False,3,412.0,406921678,1200000038505681.0,2024-09-06T12:23:34
LOKESHMACH,INE397H01017,9/6/2024,NSE,EQ,EQ,sell,False,4,411.6,406921679,1200000038505681.0,2024-09-06T12:23:34
LOKESHMACH,INE397H01017,9/6/2024,NSE,EQ,EQ,sell,False,5,411.25,406921681,1200000038505681.0,2024-09-06T12:23:34
LOKESHMACH,INE397H01017,9/6/2024,NSE,EQ,EQ,sell,False,6,411.15,406921682,1200000038505681.0,2024-09-06T12:23:34
LOKESHMACH,INE397H01017,9/6/2024,NSE,EQ,EQ,sell,False,6,411.1,406921683,1200000038505681.0,2024-09-06T12:23:34
LOKESHMACH,INE397H01017,9/6/2024,NSE,EQ,EQ,sell,False,5,411.0,406921684,1200000038505681.0,2024-09-06T12:23:34
NOCIL,INE163A01018,9/9/2024,BSE,EQ,A,sell,False,10,291.0,41200,1.7258526000170102e+18,2024-09-09T09:15:01
BPCL,INE029A01011,9/9/2024,NSE,EQ,EQ,sell,False,10,350.0,105706,1000000000516390.0,2024-09-09T09:15:44
BPCL,INE029A01011,9/9/2024,NSE,EQ,EQ,sell,False,45,350.0,105708,1000000000516390.0,2024-09-09T09:15:44
BPCL,INE029A01011,9/9/2024,NSE,EQ,EQ,sell,False,5,350.0,105707,1000000000516390.0,2024-09-09T09:15:44
BDL,INE171Z01026,9/9/2024,NSE,EQ,EQ,buy,False,3,1269.35,173276,1000000000833427.0,2024-09-09T09:16:39
BDL,INE171Z01026,9/9/2024,NSE,EQ,EQ,buy,False,7,1268.95,173275,1000000000833427.0,2024-09-09T09:16:39
BBOX-BE,INE676A01027,9/9/2024,NSE,EQ,BE,buy,False,20,499.5,364874,1000000001823392.0,2024-09-09T09:19:31
SHALBY,INE597J01018,9/9/2024,BSE,EQ,B,sell,False,30,275.0,338300,1.7258526000170568e+18,2024-09-09T09:25:19
TATATECH,INE142M01025,9/9/2024,NSE,EQ,EQ,sell,False,7,1090.0,601401319,1300000006146348.0,2024-09-09T09:31:54
APTUS,INE852O01025,9/9/2024,NSE,EQ,EQ,sell,False,40,318.9,1306664,1000000007692990.0,2024-09-09T09:40:23
LODHA,INE670K01029,9/9/2024,BSE,EQ,A,buy,False,1,1205.65,47788200,1.725854955836729e+18,2024-09-09T09:41:33
TIINDIA,INE974X01010,9/9/2024,NSE,EQ,EQ,buy,False,1,3908.95,602124063,1300000009748872.0,2024-09-09T09:45:38
BEL,INE263A01024,9/9/2024,BSE,EQ,A,buy,False,10,279.85,3392000,1.725855199137086e+18,2024-09-09T09:47:14
SBIN,INE062A01020,9/9/2024,BSE,EQ,A,buy,False,5,780.0,3383200,1.7258562645410353e+18,2024-09-09T10:03:52
BEARDSELL,INE520H01022,9/9/2024,NSE,EQ,EQ,sell,False,95,39.03,5317583,1000000036700114.0,2024-09-09T13:41:35
BEARDSELL,INE520H01022,9/9/2024,NSE,EQ,EQ,sell,False,97,39.0,5317585,1000000036700114.0,2024-09-09T13:41:35
BEARDSELL,INE520H01022,9/9/2024,NSE,EQ,EQ,sell,False,108,39.02,5317584,1000000036700114.0,2024-09-09T13:41:35
NOCIL,INE163A01018,9/9/2024,BSE,EQ,A,buy,False,10,288.95,3256400,1.725869079876246e+18,2024-09-09T13:58:53
AARTIIND,INE769A01020,9/9/2024,BSE,EQ,A,buy,False,5,593.75,11722200,1.7258683440875205e+18,2024-09-09T13:59:30
POONAWALLA,INE511C01022,9/9/2024,NSE,EQ,EQ,buy,False,5,380.65,408675280,1200000052562701.0,2024-09-09T14:00:51
AZAD,INE02IJ01035,9/9/2024,NSE,EQ,EQ,buy,False,5,1517.5,5652886,1000000038914022.0,2024-09-09T14:04:09
AZAD,INE02IJ01035,9/9/2024,NSE,EQ,EQ,buy,False,4,1517.3,5652884,1000000038914022.0,2024-09-09T14:04:09
AZAD,INE02IJ01035,9/9/2024,NSE,EQ,EQ,buy,False,1,1517.3,5652885,1000000038914022.0,2024-09-09T14:04:09
IRFC,INE053F01010,9/9/2024,NSE,EQ,EQ,buy,False,70,166.5,208096475,1100000049756435.0,2024-09-09T14:16:32
VSSL,INE050M01012,9/9/2024,BSE,EQ,B,buy,False,8,278.75,60180400,1.725870899673715e+18,2024-09-09T14:24:27
VSSL,INE050M01012,9/9/2024,BSE,EQ,B,buy,False,2,278.7,60180200,1.725870899673715e+18,2024-09-09T14:24:27
TPHQ-T,INE065J01024,9/10/2024,BSE,EQ,T,buy,False,1000,1.44,7654700,1.7259390000010033e+18,2024-09-10T09:20:46
SBIN,INE062A01020,9/10/2024,BSE,EQ,A,buy,False,5,784.95,475000,1.725939000130192e+18,2024-09-10T09:23:08
AZAD,INE02IJ01035,9/10/2024,BSE,EQ,B,buy,False,3,1521.95,454700,1.7259390000541128e+18,2024-09-10T09:23:31
POONAWALLA,INE511C01022,9/10/2024,BSE,EQ,A,buy,False,5,383.95,17581100,1.7259403238752443e+18,2024-09-10T09:24:44
BDL,INE171Z01026,9/10/2024,BSE,EQ,A,buy,False,3,1256.3,18325500,1.7259404711772454e+18,2024-09-10T09:25:21
AARTIIND,INE769A01020,9/10/2024,BSE,EQ,A,buy,False,5,599.05,890600,1.7259390001224986e+18,2024-09-10T09:25:50
SOUTHBANK,INE683A01023,9/10/2024,NSE,EQ,EQ,buy,False,50,25.07,600894337,1300000004046851.0,2024-09-10T09:26:24
BEL,INE263A01024,9/10/2024,BSE,EQ,A,buy,False,10,285.8,762400,1.725939000123282e+18,2024-09-10T09:27:10
NATIONALUM,INE139A01034,9/10/2024,NSE,EQ,EQ,buy,False,9,173.73,401066183,1200000005396472.0,2024-09-10T09:29:29
NATIONALUM,INE139A01034,9/10/2024,NSE,EQ,EQ,buy,False,1,173.73,401066184,1200000005396472.0,2024-09-10T09:29:29
BAJAJFINSV,INE918I01026,9/10/2024,BSE,EQ,A,sell,False,9,1830.0,799800,1.725939000122841e+18,2024-09-10T09:49:27
BAJAJFINSV,INE918I01026,9/10/2024,BSE,EQ,A,sell,False,6,1830.0,800000,1.725939000122841e+18,2024-09-10T09:49:27
PETRONET,INE347G01014,9/11/2024,NSE,EQ,EQ,buy,False,30,342.0,400088727,1200000000412466.0,2024-09-11T09:15:13
NOCIL,INE163A01018,9/11/2024,NSE,EQ,EQ,sell,False,10,295.85,401599984,1200000008659335.0,2024-09-11T09:40:43
BBOX-T,INE676A01027,9/11/2024,BSE,EQ,T,sell,False,20,509.0,7098500,1.726025400000101e+18,2024-09-11T09:42:11
POONAWALLA,INE511C01022,9/11/2024,BSE,EQ,A,sell,False,10,399.0,53048000,1.726027903917865e+18,2024-09-11T09:45:53
IRFC,INE053F01010,9/11/2024,BSE,EQ,A,buy,False,30,168.9,37384300,1.7260281680861965e+18,2024-09-11T09:50:41
LOKESHMACH,INE397H01017,9/11/2024,NSE,EQ,EQ,buy,False,10,400.0,405350525,1200000031892009.0,2024-09-11T12:01:28
FEDERALBNK,INE171A01029,9/11/2024,NSE,EQ,EQ,buy,False,70,182.91,207585659,1100000048163836.0,2024-09-11T14:48:03
SBIN,INE062A01020,9/11/2024,NSE,EQ,EQ,buy,False,5,765.9,608999410,1300000045431990.0,2024-09-11T14:59:00
AMAL-X,INE841D01013,9/12/2024,BSE,EQ,X,sell,False,10,330.1,1243200,1.726111800001075e+18,2024-09-12T09:21:02
AARTIDRUGS,INE767A01016,9/12/2024,BSE,EQ,A,buy,False,5,535.9,17862700,1.7261131170798966e+18,2024-09-12T09:25:15
SHALBY,INE597J01018,9/12/2024,NSE,EQ,EQ,sell,False,31,284.75,600929515,1300000004697524.0,2024-09-12T09:27:34
SHALBY,INE597J01018,9/12/2024,NSE,EQ,EQ,sell,False,15,284.8,600929511,1300000004697524.0,2024-09-12T09:27:34
SHALBY,INE597J01018,9/12/2024,NSE,EQ,EQ,sell,False,1,284.8,600929512,1300000004697524.0,2024-09-12T09:27:34
SHALBY,INE597J01018,9/12/2024,NSE,EQ,EQ,sell,False,2,284.8,600929513,1300000004697524.0,2024-09-12T09:27:34
SHALBY,INE597J01018,9/12/2024,NSE,EQ,EQ,sell,False,1,284.75,600929514,1300000004697524.0,2024-09-12T09:27:34
BEL,INE263A01024,9/12/2024,BSE,EQ,A,sell,False,20,292.0,1703200,1.7261118000574057e+18,2024-09-12T09:28:28
SBIN,INE062A01020,9/12/2024,NSE,EQ,EQ,buy,False,1,776.75,601047912,1300000005396543.0,2024-09-12T09:30:17
SBIN,INE062A01020,9/12/2024,NSE,EQ,EQ,buy,False,4,776.8,601047913,1300000005396543.0,2024-09-12T09:30:17
SOUTHBANK,INE683A01023,9/12/2024,BSE,EQ,A,buy,False,50,24.87,1798100,1.726111800054234e+18,2024-09-12T09:32:37
LODHA,INE670K01029,9/12/2024,NSE,EQ,EQ,buy,False,2,1190.85,401229655,1200000007057608.0,2024-09-12T09:33:51
IRFC,INE053F01010,9/12/2024,BSE,EQ,A,buy,False,10,164.2,26480800,1.7261137884530875e+18,2024-09-12T09:34:14
NATIONALUM,INE139A01034,9/12/2024,NSE,EQ,EQ,sell,False,20,179.32,409232171,1200000059348572.0,2024-09-12T15:10:59
HAPPSTMNDS,INE419U01012,9/12/2024,NSE,EQ,EQ,sell,False,5,822.9,209067907,1100000058443968.0,2024-09-12T15:11:55
HAPPSTMNDS,INE419U01012,9/12/2024,NSE,EQ,EQ,sell,False,5,823.0,209067906,1100000058443968.0,2024-09-12T15:11:55
ITDC,INE353K01014,9/12/2024,BSE,EQ,B,buy,False,5,692.9,51829700,1.726133119811858e+18,2024-09-12T15:15:01
TATASTEEL,INE081A01020,9/13/2024,BSE,EQ,A,sell,False,20,153.3,729200,1.726198200012175e+18,2024-09-13T09:20:06
VSSL,INE050M01012,9/13/2024,NSE,EQ,EQ,sell,False,20,288.0,603967445,1300000005270808.0,2024-09-13T09:28:50
LODHA,INE670K01029,9/13/2024,BSE,EQ,A,sell,False,1,1225.0,41539300,1.7261999875354772e+18,2024-09-13T09:37:03
LODHA,INE670K01029,9/13/2024,BSE,EQ,A,sell,False,1,1225.0,37695400,1.7261999875354772e+18,2024-09-13T09:37:03
LODHA,INE670K01029,9/13/2024,BSE,EQ,A,sell,False,1,1225.0,37695600,1.7261999875354772e+18,2024-09-13T09:37:03
IRCTC,INE335Y01020,9/13/2024,BSE,EQ,A,sell,False,5,951.1,30263700,1.7262005035990687e+18,2024-09-13T09:38:47
ITDC,INE353K01014,9/13/2024,BSE,EQ,B,sell,False,5,706.75,8536400,1.7262003827020516e+18,2024-09-13T09:40:29
BDL,INE171Z01026,9/13/2024,BSE,EQ,A,buy,False,2,1245.4,34638000,1.726200718874429e+18,2024-09-13T09:44:48
ITDC,INE353K01014,9/13/2024,BSE,EQ,B,sell,False,5,714.4,9698600,1.726200382702518e+18,2024-09-13T09:45:44
NOCIL,INE163A01018,9/13/2024,BSE,EQ,A,buy,False,10,288.6,729900,1.726198200016408e+18,2024-09-13T09:47:26
PETRONET,INE347G01014,9/13/2024,NSE,EQ,EQ,buy,False,10,334.4,408547262,1200000055241849.0,2024-09-13T14:37:32
HINDZINC,INE267A01025,9/16/2024,NSE,EQ,EQ,buy,False,20,498.0,202159352,1100000000305556.0,2024-09-16T09:15:01
ITDC,INE353K01014,9/16/2024,BSE,EQ,B,buy,False,5,705.45,9174500,1.7264596667890575e+18,2024-09-16T09:38:31
IRCTC,INE335Y01020,9/16/2024,NSE,EQ,EQ,buy,False,5,937.5,201373837,1100000007753970.0,2024-09-16T09:40:51
PETRONET,INE347G01014,9/16/2024,BSE,EQ,A,buy,False,10,336.0,32102200,1.7264599843060918e+18,2024-09-16T09:43:30
HINDZINC,INE267A01025,9/16/2024,NSE,EQ,EQ,buy,False,20,495.0,204390006,1100000013105921.0,2024-09-16T10:06:12
AZAD,INE02IJ01035,9/17/2024,NSE,EQ,EQ,sell,False,3,1515.0,361178,1000000001379059.0,2024-09-17T09:17:08
M&MFIN,INE774D01024,9/17/2024,NSE,EQ,EQ,buy,False,30,330.5,400428551,1200000001897405.0,2024-09-17T09:19:26
VSSL,INE050M01012,9/17/2024,BSE,EQ,B,buy,False,8,281.55,4381700,1.7265438000011397e+18,2024-09-17T09:23:47
VSSL,INE050M01012,9/17/2024,BSE,EQ,B,buy,False,2,281.35,4381500,1.7265438000011397e+18,2024-09-17T09:23:47
ITDC,INE353K01014,9/17/2024,BSE,EQ,B,buy,False,3,690.0,18800400,1.7265450683493115e+18,2024-09-17T09:26:08
ITDC,INE353K01014,9/17/2024,BSE,EQ,B,buy,False,2,690.0,18800600,1.7265450683493115e+18,2024-09-17T09:26:08
PFC,INE134E01011,9/17/2024,NSE,EQ,EQ,buy,False,30,480.0,403111247,1200000018086322.0,2024-09-17T10:29:45
BEL,INE263A01024,9/17/2024,NSE,EQ,EQ,sell,False,10,285.0,2998503,1000000015641498.0,2024-09-17T10:31:01
TATATECH,INE142M01025,9/17/2024,BSE,EQ,B,sell,False,10,1080.0,6673700,1.726555392244892e+18,2024-09-17T15:15:17
HINDCOPPER,INE531E01026,9/17/2024,BSE,EQ,A,sell,False,20,318.1,5379200,1.7265602338709023e+18,2024-09-17T15:23:15
HINDCOPPER,INE531E01026,9/17/2024,BSE,EQ,A,sell,False,15,318.05,5379400,1.7265602338709023e+18,2024-09-17T15:23:15
NATIONALUM,INE139A01034,9/18/2024,NSE,EQ,EQ,sell,False,40,185.22,400070047,1200000000439080.0,2024-09-18T09:15:16
HINDZINC,INE267A01025,9/18/2024,BSE,EQ,A,buy,False,5,487.35,1580800,1.7266344337402793e+18,2024-09-18T10:31:24
PETRONET,INE347G01014,9/18/2024,NSE,EQ,EQ,buy,False,1,332.15,403295698,1200000020091903.0,2024-09-18T10:31:59
PETRONET,INE347G01014,9/18/2024,NSE,EQ,EQ,buy,False,1,332.2,403295699,1200000020091903.0,2024-09-18T10:31:59
PETRONET,INE347G01014,9/18/2024,NSE,EQ,EQ,buy,False,3,332.2,403295700,1200000020091903.0,2024-09-18T10:31:59
HAPPSTMNDS,INE419U01012,9/18/2024,NSE,EQ,EQ,buy,False,5,798.55,202773988,1100000017251985.0,2024-09-18T10:32:23
BEL,INE263A01024,9/18/2024,NSE,EQ,EQ,buy,False,10,283.4,3257144,1000000017223959.0,2024-09-18T10:32:50
IRFC,INE053F01010,9/18/2024,BSE,EQ,A,buy,False,10,162.55,73390600,1.726635671911314e+18,2024-09-18T10:34:18
NATIONALUM,INE139A01034,9/18/2024,BSE,EQ,A,sell,False,20,183.0,2538700,1.7266361712663995e+18,2024-09-18T11:07:04
TIINDIA,INE974X01010,9/18/2024,NSE,EQ,EQ,sell,False,2,4025.0,604886425,1300000028870189.0,2024-09-18T12:43:40
YUKEN,INE384C01016,9/19/2024,NSE,EQ,EQ,buy,False,10,1242.0,600192316,1300000000469318.0,2024-09-19T09:15:14
AZAD,INE02IJ01035,9/19/2024,NSE,EQ,EQ,buy,False,1,1500.0,156027,1000000000744753.0,2024-09-19T09:16:03
AZAD,INE02IJ01035,9/19/2024,NSE,EQ,EQ,buy,False,4,1500.0,156026,1000000000744753.0,2024-09-19T09:16:03
BPCL,INE029A01011,9/19/2024,BSE,EQ,A,buy,False,10,329.9,1881400,1.726720094641092e+18,2024-09-19T10:03:59
AZAD,INE02IJ01035,9/19/2024,NSE,EQ,EQ,buy,False,2,1461.9,2467071,1000000013608183.0,2024-09-19T10:10:01
BEL,INE263A01024,9/19/2024,NSE,EQ,EQ,buy,False,5,275.85,2521730,1000000013940923.0,2024-09-19T10:11:44
PNCINFRA,INE195J01029,9/19/2024,NSE,EQ,EQ,buy,False,10,438.5,402981921,1200000017750687.0,2024-09-19T10:12:17
NETTLINX-X,INE027D01019,9/19/2024,BSE,EQ,X,sell,False,60,94.15,6640700,1.7267166000012063e+18,2024-09-19T10:12:43
LICHSGFIN,INE115A01026,9/19/2024,NSE,EQ,EQ,buy,False,20,670.0,403291310,1200000019639317.0,2024-09-19T10:19:59
VSSL,INE050M01012,9/19/2024,BSE,EQ,B,sell,False,30,288.0,17404700,1.726720794263558e+18,2024-09-19T10:21:49
ZENSARTECH,INE520A01027,9/19/2024,NSE,EQ,EQ,buy,False,20,735.0,603389880,1300000018635256.0,2024-09-19T10:31:37
SPLIL,INE978G01016,9/19/2024,NSE,EQ,EQ,buy,False,61,60.5,604869644,1300000025736944.0,2024-09-19T11:16:05
SPLIL,INE978G01016,9/19/2024,NSE,EQ,EQ,buy,False,39,60.5,604939908,1300000025736944.0,2024-09-19T11:16:05
TATAINVEST,INE672A01018,9/19/2024,BSE,EQ,A,sell,False,2,6579.15,125862900,1.72672555795913e+18,2024-09-19T11:31:38
POONAWALLA,INE511C01022,9/19/2024,BSE,EQ,A,sell,False,20,391.2,127786100,1.7267257329854633e+18,2024-09-19T11:33:39
BEL,INE263A01024,9/19/2024,NSE,EQ,EQ,buy,False,5,270.0,5225718,1000000029211927.0,2024-09-19T11:37:57
TATACHEM,INE092A01019,9/19/2024,NSE,EQ,EQ,buy,False,5,999.8,605534274,1300000030869214.0,2024-09-19T11:39:59
SBIN,INE062A01020,9/19/2024,NSE,EQ,EQ,sell,False,10,787.8,605954385,1300000033137273.0,2024-09-19T11:50:51
NOCIL,INE163A01018,9/19/2024,NSE,EQ,EQ,buy,False,10,274.1,407026676,1200000043059637.0,2024-09-19T12:07:02
NOCIL,INE163A01018,9/20/2024,BSE,EQ,A,buy,False,10,278.95,177900,1.7268030000610913e+18,2024-09-20T09:20:10
BEL,INE263A01024,9/20/2024,BSE,EQ,A,buy,False,10,274.75,542900,1.7268030000561395e+18,2024-09-20T09:20:30
PNCINFRA,INE195J01029,9/20/2024,NSE,EQ,EQ,buy,False,10,439.25,400530282,1200000002766790.0,2024-09-20T09:20:50
AZAD,INE02IJ01035,9/20/2024,NSE,EQ,EQ,buy,False,2,1474.95,472099,1000000002428981.0,2024-09-20T09:21:27
M&MFIN,INE774D01024,9/20/2024,BSE,EQ,A,buy,False,10,324.6,351400,1.7268030000581092e+18,2024-09-20T09:22:26
YUKEN,INE384C01016,9/20/2024,NSE,EQ,EQ,buy,False,2,1229.9,600625277,1300000003166097.0,2024-09-20T09:23:25
AARTIIND,INE769A01020,9/20/2024,BSE,EQ,A,buy,False,5,572.2,947200,1.7268030000563948e+18,2024-09-20T09:25:25
TATACHEM,INE092A01019,9/20/2024,NSE,EQ,EQ,sell,False,4,1019.35,600951471,1300000004943794.0,2024-09-20T09:29:36
TATACHEM,INE092A01019,9/20/2024,NSE,EQ,EQ,sell,False,1,1019.35,600951470,1300000004943794.0,2024-09-20T09:29:36
PETRONET,INE347G01014,9/20/2024,NSE,EQ,EQ,buy,False,10,323.9,401104608,1200000006306641.0,2024-09-20T09:30:41
SOUTHBANK,INE683A01023,9/20/2024,NSE,EQ,EQ,buy,False,50,24.66,601053501,1300000005499503.0,2024-09-20T09:31:36
63MOONS,INE111B01023,9/20/2024,NSE,EQ,EQ,buy,False,4,383.0,1100502,1000000006186952.0,2024-09-20T09:34:49
63MOONS,INE111B01023,9/20/2024,NSE,EQ,EQ,buy,False,6,383.0,1099117,1000000006186952.0,2024-09-20T09:34:49
63MOONS,INE111B01023,9/20/2024,NSE,EQ,EQ,buy,False,1,383.0,1102091,1000000006186952.0,2024-09-20T09:34:49
63MOONS,INE111B01023,9/20/2024,NSE,EQ,EQ,buy,False,2,383.0,1103790,1000000006186952.0,2024-09-20T09:34:49
63MOONS,INE111B01023,9/20/2024,NSE,EQ,EQ,buy,False,1,383.0,1160639,1000000006186952.0,2024-09-20T09:34:49
63MOONS,INE111B01023,9/20/2024,NSE,EQ,EQ,buy,False,16,383.0,1186831,1000000006186952.0,2024-09-20T09:34:49
HAPPSTMNDS,INE419U01012,9/20/2024,NSE,EQ,EQ,buy,False,3,790.75,202873464,1100000017096207.0,2024-09-20T10:12:56
HAPPSTMNDS,INE419U01012,9/20/2024,NSE,EQ,EQ,buy,False,2,790.75,202873463,1100000017096207.0,2024-09-20T10:12:56
BDL,INE171Z01026,9/23/2024,BSE,EQ,A,buy,False,2,1174.45,7079300,1.727063127814292e+18,2024-09-23T09:15:44
TATASTEEL,INE081A01020,9/23/2024,BSE,EQ,A,sell,False,20,153.4,1402800,1.7270622000080883e+18,2024-09-23T09:16:45
TIINDIA,INE974X01010,9/23/2024,BSE,EQ,A,sell,False,4,4241.3,268000,1.72706220000609e+18,2024-09-23T09:17:34
ITDC,INE353K01014,9/23/2024,NSE,EQ,EQ,sell,False,10,702.6,200515885,1100000002413713.0,2024-09-23T09:19:35
PNCINFRA,INE195J01029,9/23/2024,BSE,EQ,A,buy,False,5,437.95,860300,1.7270622000095153e+18,2024-09-23T09:31:15
IRFC,INE053F01010,9/23/2024,NSE,EQ,EQ,sell,False,20,160.0,201776706,1100000008402714.0,2024-09-23T09:38:57
63MOONS,INE111B01023,9/23/2024,NSE,EQ,EQ,sell,False,7,403.3,1344868,1000000007564180.0,2024-09-23T09:39:33
63MOONS,INE111B01023,9/23/2024,NSE,EQ,EQ,sell,False,22,403.3,1344869,1000000007564180.0,2024-09-23T09:39:33
63MOONS,INE111B01023,9/23/2024,NSE,EQ,EQ,sell,False,1,403.3,1344870,1000000007564180.0,2024-09-23T09:39:33
AARTIIND,INE769A01020,9/23/2024,NSE,EQ,EQ,buy,False,5,573.35,1359302,1000000007656136.0,2024-09-23T09:39:57
ZENSARTECH,INE520A01027,9/23/2024,BSE,EQ,A,buy,False,1,726.45,1277000,1.72706220001251e+18,2024-09-23T09:41:41
ZENSARTECH,INE520A01027,9/23/2024,BSE,EQ,A,buy,False,4,726.4,1276800,1.72706220001251e+18,2024-09-23T09:41:41
BPCL,INE029A01011,9/23/2024,BSE,EQ,A,sell,False,10,334.6,1569100,1.7270622000097093e+18,2024-09-23T09:42:33
ITDC,INE353K01014,9/23/2024,NSE,EQ,EQ,sell,False,10,720.0,203357693,1100000018138453.0,2024-09-23T10:29:34
BEL,INE263A01024,9/23/2024,BSE,EQ,A,sell,False,20,285.0,6708700,1.7270661763913413e+18,2024-09-23T10:30:19
PETRONET,INE347G01014,9/23/2024,NSE,EQ,EQ,buy,False,5,330.9,403364594,1200000018406738.0,2024-09-23T10:31:02
SOUTHBANK,INE683A01023,9/23/2024,BSE,EQ,A,sell,False,100,25.27,6781500,1.7270741026702477e+18,2024-09-23T12:43:42
NOCIL,INE163A01018,9/23/2024,BSE,EQ,A,buy,False,10,272.95,2819700,1.7270815152841887e+18,2024-09-23T14:51:25
YUKEN,INE384C01016,9/23/2024,BSE,EQ,B,buy,False,2,1208.95,33042000,1.7270820162051937e+18,2024-09-23T14:52:21
PNCINFRA,INE195J01029,9/24/2024,BSE,EQ,A,buy,False,5,436.05,1270400,1.7271516113343793e+18,2024-09-24T10:10:27
AARTIIND,INE769A01020,9/24/2024,BSE,EQ,A,buy,False,5,577.85,2300200,1.727151364291578e+18,2024-09-24T10:11:08
NATIONALUM,INE139A01034,9/24/2024,BSE,EQ,A,sell,False,110,189.35,2022700,1.7271522538631316e+18,2024-09-24T10:13:27
AARTIIND,INE769A01020,9/24/2024,NSE,EQ,EQ,buy,False,5,579.95,2705046,1000000015497983.0,2024-09-24T10:42:42
AZAD,INE02IJ01035,9/24/2024,BSE,EQ,B,sell,False,4,1503.05,2582100,1.7271486000507889e+18,2024-09-24T11:20:45
ZENSARTECH,INE520A01027,9/25/2024,BSE,EQ,A,buy,False,5,707.9,77000,1.727235000005035e+18,2024-09-25T09:15:33
LODHA,INE670K01029,9/25/2024,NSE,EQ,EQ,sell,False,4,1325.55,400190122,1200000000329978.0,2024-09-25T09:16:07
LODHA,INE670K01029,9/25/2024,NSE,EQ,EQ,sell,False,6,1325.55,400190123,1200000000329978.0,2024-09-25T09:16:07
YUKEN,INE384C01016,9/25/2024,NSE,EQ,EQ,buy,False,3,1209.95,600317286,1300000001435370.0,2024-09-25T09:17:47
IRCTC,INE335Y01020,9/25/2024,NSE,EQ,EQ,buy,False,5,909.2,200732022,1100000003816338.0,2024-09-25T09:25:15
AZAD,INE02IJ01035,9/25/2024,NSE,EQ,EQ,buy,False,3,1485.0,1060340,1000000003978089.0,2024-09-25T09:28:58
PRICOLLTD,INE726V01018,9/25/2024,NSE,EQ,EQ,buy,False,20,480.0,402629888,1200000014070101.0,2024-09-25T10:06:22
AARTIIND,INE769A01020,9/25/2024,NSE,EQ,EQ,sell,False,10,580.0,1766212,1000000010413400.0,2024-09-25T10:06:48
SBIN,INE062A01020,9/25/2024,BSE,EQ,A,sell,False,10,790.0,1892100,1.727239643578236e+18,2024-09-25T10:39:43
PNCINFRA,INE195J01029,9/25/2024,BSE,EQ,A,sell,False,4,444.4,2949000,1.7272426581204997e+18,2024-09-25T11:25:17
PNCINFRA,INE195J01029,9/25/2024,BSE,EQ,A,sell,False,6,444.35,2949300,1.7272426581204997e+18,2024-09-25T11:25:17
ITDC,INE353K01014,9/25/2024,BSE,EQ,B,buy,False,5,686.95,22040300,1.7272428008898028e+18,2024-09-25T11:25:52
SBIN,INE062A01020,9/25/2024,NSE,EQ,EQ,sell,False,5,790.0,605752404,1300000030093934.0,2024-09-25T12:39:09
FEDERALBNK,INE171A01029,9/25/2024,NSE,EQ,EQ,sell,False,70,193.21,208304027,1100000048036561.0,2024-09-25T14:28:25
NOCIL,INE163A01018,9/25/2024,NSE,EQ,EQ,sell,False,20,284.65,410311580,1200000059916327.0,2024-09-25T15:26:53
YUKEN,INE384C01016,9/26/2024,BSE,EQ,B,buy,False,1,1179.9,15702600,1.727328183705202e+18,2024-09-26T10:59:58
PRICOLLTD,INE726V01018,9/26/2024,NSE,EQ,EQ,buy,False,1,474.65,403705126,1200000023655012.0,2024-09-26T11:01:12
PRICOLLTD,INE726V01018,9/26/2024,NSE,EQ,EQ,buy,False,9,474.65,403705127,1200000023655012.0,2024-09-26T11:01:12
PRICOLLTD,INE726V01018,9/26/2024,NSE,EQ,EQ,buy,False,10,470.0,406173604,1200000023715362.0,2024-09-26T11:01:34
SPLIL,INE978G01016,9/26/2024,NSE,EQ,EQ,sell,False,3,60.68,604057101,1300000022055694.0,2024-09-26T11:16:35
SPLIL,INE978G01016,9/26/2024,NSE,EQ,EQ,sell,False,58,60.66,604057103,1300000022055694.0,2024-09-26T11:16:35
SPLIL,INE978G01016,9/26/2024,NSE,EQ,EQ,sell,False,39,60.67,604057102,1300000022055694.0,2024-09-26T11:16:35
IRFC,INE053F01010,9/26/2024,NSE,EQ,EQ,buy,False,10,157.89,203911053,1100000023143902.0,2024-09-26T11:17:02
LICHSGFIN,INE115A01026,9/26/2024,NSE,EQ,EQ,buy,False,5,663.8,404083335,1200000026359981.0,2024-09-26T11:18:45
PFC,INE134E01011,9/26/2024,NSE,EQ,EQ,buy,False,8,479.6,404101138,1200000026481897.0,2024-09-26T11:19:32
PFC,INE134E01011,9/26/2024,NSE,EQ,EQ,buy,False,2,479.6,404101139,1200000026481897.0,2024-09-26T11:19:32
ITDC,INE353K01014,9/26/2024,NSE,EQ,EQ,buy,False,5,678.15,204020532,1100000023838019.0,2024-09-26T11:22:25
ZENSARTECH,INE520A01027,9/27/2024,NSE,EQ,EQ,buy,False,1,688.95,602725034,1300000013724897.0,2024-09-27T10:09:56
ZENSARTECH,INE520A01027,9/27/2024,NSE,EQ,EQ,buy,False,4,688.95,602725035,1300000013724897.0,2024-09-27T10:09:56
YUKEN,INE384C01016,9/27/2024,BSE,EQ,B,buy,False,1,1199.95,14515100,1.7274120402636426e+18,2024-09-27T10:27:09
TPHQ-BE,INE065J01024,9/27/2024,NSE,EQ,BE,buy,False,1000,1.35,205426155,1100000016995251.0,2024-09-27T10:27:44
AZAD,INE02IJ01035,9/27/2024,NSE,EQ,EQ,buy,False,2,1485.0,2787355,1000000013339229.0,2024-09-27T10:28:48
BDL,INE171Z01026,9/27/2024,BSE,EQ,A,buy,False,1,1128.95,57403200,1.727412863592678e+18,2024-09-27T10:29:35
NOCIL,INE163A01018,9/27/2024,NSE,EQ,EQ,sell,False,20,292.1,403339216,1200000019388163.0,2024-09-27T10:35:08
YUKEN,INE384C01016,9/27/2024,BSE,EQ,B,buy,False,1,1198.1,15702900,1.7274135063010724e+18,2024-09-27T10:39:19
NH,INE410P01011,9/27/2024,NSE,EQ,EQ,buy,False,10,1220.0,404895035,1200000029144461.0,2024-09-27T11:33:21
HAPPSTMNDS,INE419U01012,9/27/2024,NSE,EQ,EQ,sell,False,10,810.0,208012364,1100000029676937.0,2024-09-27T11:57:55
NOCIL,INE163A01018,9/27/2024,NSE,EQ,EQ,sell,False,18,288.0,407237164,1200000044389033.0,2024-09-27T13:27:22
NOCIL,INE163A01018,9/27/2024,NSE,EQ,EQ,sell,False,2,288.0,407237165,1200000044389033.0,2024-09-27T13:27:22
63MOONS,INE111B01023,9/27/2024,NSE,EQ,EQ,buy,False,10,380.0,5295307,1000000035646872.0,2024-09-27T13:56:02
PNCINFRA,INE195J01029,9/27/2024,NSE,EQ,EQ,buy,False,5,435.8,408781296,1200000053757066.0,2024-09-27T14:37:46
PRICOLLTD,INE726V01018,9/27/2024,BSE,EQ,A,buy,False,5,473.95,150083500,1.727427931136566e+18,2024-09-27T14:41:39
NH,INE410P01011,9/27/2024,NSE,EQ,EQ,buy,False,2,1207.5,409365816,1200000056628234.0,2024-09-27T14:58:29
LODHA,INE670K01029,9/30/2024,NSE,EQ,EQ,sell,False,13,1285.0,400064740,1200000000335647.0,2024-09-30T09:15:02
NH,INE410P01011,9/30/2024,BSE,EQ,A,buy,False,2,1210.0,176900,1.7276670001960044e+18,2024-09-30T09:15:05
AZAD,INE02IJ01035,9/30/2024,NSE,EQ,EQ,buy,False,2,1480.5,230707,1000000001029219.0,2024-09-30T09:17:01
63MOONS,INE111B01023,9/30/2024,BSE,EQ,B,buy,False,1,379.35,2311800,1.7276670000010604e+18,2024-09-30T09:17:39
63MOONS,INE111B01023,9/30/2024,BSE,EQ,B,buy,False,9,379.3,2311600,1.7276670000010604e+18,2024-09-30T09:17:39
KSCL,INE455I01029,9/30/2024,NSE,EQ,EQ,buy,False,8,1000.0,400472483,1200000002067415.0,2024-09-30T09:18:37
KSCL,INE455I01029,9/30/2024,NSE,EQ,EQ,buy,False,2,1000.0,400504388,1200000002067415.0,2024-09-30T09:18:37
AARTIIND,INE769A01020,9/30/2024,NSE,EQ,EQ,buy,False,5,587.0,530242,1000000002806660.0,2024-09-30T09:22:48
HERANBA,INE694N01015,9/30/2024,NSE,EQ,EQ,buy,False,20,475.0,200785938,1100000003969633.0,2024-09-30T09:25:14
TATAINVEST,INE672A01018,9/30/2024,BSE,EQ,A,sell,False,2,6786.75,25519100,1.7276684317108186e+18,2024-09-30T09:25:58
TATAINVEST,INE672A01018,9/30/2024,BSE,EQ,A,sell,False,1,6785.05,25519300,1.7276684317108186e+18,2024-09-30T09:25:58
ITDC,INE353K01014,9/30/2024,NSE,EQ,EQ,buy,False,1,680.65,201521085,1100000008255889.0,2024-09-30T09:40:58
ITDC,INE353K01014,9/30/2024,NSE,EQ,EQ,buy,False,1,681.05,201521086,1100000008255889.0,2024-09-30T09:40:58
ITDC,INE353K01014,9/30/2024,NSE,EQ,EQ,buy,False,3,681.1,201521087,1100000008255889.0,2024-09-30T09:40:58
BEL,INE263A01024,9/30/2024,NSE,EQ,EQ,sell,False,8,285.0,2553979,1000000015856641.0,2024-09-30T10:33:15
BEL,INE263A01024,9/30/2024,NSE,EQ,EQ,sell,False,3,285.0,2553980,1000000015856641.0,2024-09-30T10:33:15
BEL,INE263A01024,9/30/2024,NSE,EQ,EQ,sell,False,9,285.0,2553978,1000000015856641.0,2024-09-30T10:33:15
LOKESHMACH,INE397H01017,9/30/2024,BSE,EQ,B,buy,False,5,369.9,26914300,1.727674508699366e+18,2024-09-30T11:16:37
IRFC,INE053F01010,9/30/2024,NSE,EQ,EQ,buy,False,10,157.2,204674619,1100000028941335.0,2024-09-30T11:59:42
LICHSGFIN,INE115A01026,9/30/2024,BSE,EQ,A,buy,False,5,665.25,3931100,1.7276802962039409e+18,2024-09-30T14:19:10
LODHA,INE670K01029,9/30/2024,NSE,EQ,EQ,buy,False,13,1236.5,408740277,1200000050750189.0,2024-09-30T14:27:15
HAPPSTMNDS,INE419U01012,9/30/2024,NSE,EQ,EQ,sell,False,4,811.05,208666729,1100000045853827.0,2024-09-30T15:04:08
HAPPSTMNDS,INE419U01012,9/30/2024,NSE,EQ,EQ,sell,False,1,811.05,208666728,1100000045853827.0,2024-09-30T15:04:08
YUKEN,INE384C01016,9/30/2024,NSE,EQ,EQ,sell,False,3,1190.0,610087456,1300000049330715.0,2024-09-30T15:04:46
YUKEN,INE384C01016,9/30/2024,NSE,EQ,EQ,sell,False,2,1190.05,610087455,1300000049330715.0,2024-09-30T15:04:46
ZENSARTECH,INE520A01027,10/1/2024,NSE,EQ,EQ,buy,False,4,680.9,600270169,1300000001168565.0,2024-10-01T09:17:20
ZENSARTECH,INE520A01027,10/1/2024,NSE,EQ,EQ,buy,False,1,680.95,600270170,1300000001168565.0,2024-10-01T09:17:20
PRICOLLTD,INE726V01018,10/1/2024,NSE,EQ,EQ,buy,False,5,474.8,400386324,1200000001725610.0,2024-10-01T09:18:46
AZAD,INE02IJ01035,10/1/2024,BSE,EQ,B,buy,False,2,1455.8,189500,1.7277534000600625e+18,2024-10-01T09:19:29
YUKEN,INE384C01016,10/1/2024,BSE,EQ,B,buy,False,3,1202.2,7997400,1.7277560273113416e+18,2024-10-01T09:53:08
VSSL,INE050M01012,10/1/2024,BSE,EQ,B,sell,False,30,308.0,10259700,1.7277576054090586e+18,2024-10-01T10:12:06
VSSL,INE050M01012,10/1/2024,NSE,EQ,EQ,sell,False,30,305.0,602386919,1300000011193336.0,2024-10-01T10:13:16
PFC,INE134E01011,10/1/2024,BSE,EQ,A,sell,False,40,498.0,2698800,1.727755816011642e+18,2024-10-01T10:18:49
M&MFIN,INE774D01024,10/1/2024,BSE,EQ,A,sell,False,10,330.0,2740600,1.7277565040284495e+18,2024-10-01T10:20:21
LOKESHMACH,INE397H01017,10/1/2024,NSE,EQ,EQ,buy,False,5,359.35,403859545,1200000021260978.0,2024-10-01T11:09:37
KSCL,INE455I01029,10/1/2024,NSE,EQ,EQ,sell,False,5,985.0,407322949,1200000021505564.0,2024-10-01T11:11:18
IRFC,INE053F01010,10/1/2024,BSE,EQ,A,buy,False,10,156.1,101199800,1.7277624416831368e+18,2024-10-01T11:34:04
LODHA,INE670K01029,10/1/2024,NSE,EQ,EQ,buy,False,10,1215.0,408386077,1200000046266987.0,2024-10-01T14:26:42
NOCIL,INE163A01018,10/1/2024,BSE,EQ,A,sell,False,50,292.0,2859300,1.7277688702583752e+18,2024-10-01T14:39:18
TATAMOTORS,INE155A01022,10/3/2024,NSE,EQ,EQ,buy,False,3,941.35,600100279,1300000000399891.0,2024-10-03T09:15:02
TATAMOTORS,INE155A01022,10/3/2024,NSE,EQ,EQ,buy,False,11,941.0,600100278,1300000000399891.0,2024-10-03T09:15:02
TATAMOTORS,INE155A01022,10/3/2024,NSE,EQ,EQ,buy,False,1,941.8,600100280,1300000000399891.0,2024-10-03T09:15:02
BAJAJHFL,INE377Y01014,10/3/2024,NSE,EQ,EQ,buy,False,50,149.97,79971,1000000000366877.0,2024-10-03T09:15:09
63MOONS,INE111B01023,10/3/2024,NSE,EQ,EQ,sell,False,20,400.0,152488,1000000000479308.0,2024-10-03T09:15:23
LODHA,INE670K01029,10/3/2024,NSE,EQ,EQ,sell,False,5,1200.0,400342049,1200000000568902.0,2024-10-03T09:15:23
SASKEN,INE231F01020,10/3/2024,NSE,EQ,EQ,buy,False,1,1453.5,600249489,1300000000767675.0,2024-10-03T09:15:43
SASKEN,INE231F01020,10/3/2024,NSE,EQ,EQ,buy,False,7,1453.45,600249488,1300000000767675.0,2024-10-03T09:15:43
NH,INE410P01011,10/3/2024,BSE,EQ,A,sell,False,4,1220.0,184500,1.727926200006047e+18,2024-10-03T09:15:51
YUKEN,INE384C01016,10/3/2024,BSE,EQ,B,buy,False,3,1183.9,3585500,1.727926200000112e+18,2024-10-03T09:20:48
ITDC,INE353K01014,10/3/2024,BSE,EQ,B,buy,False,5,659.95,6467300,1.7279262000012e+18,2024-10-03T09:26:21
PFC,INE134E01011,10/3/2024,BSE,EQ,A,buy,False,10,480.0,4135200,1.727932479546645e+18,2024-10-03T11:26:22
POONAWALLA,INE511C01022,10/3/2024,NSE,EQ,EQ,sell,False,15,390.0,410291684,1200000055386699.0,2024-10-03T14:13:17
AARTIIND,INE769A01020,10/3/2024,BSE,EQ,A,buy,False,5,564.65,10193500,1.7279451380544937e+18,2024-10-03T14:47:38
PNCINFRA,INE195J01029,10/3/2024,BSE,EQ,A,buy,False,5,432.35,5721300,1.727946612852153e+18,2024-10-03T14:49:48
VSSL,INE050M01012,10/4/2024,BSE,EQ,B,buy,False,10,290.0,5729300,1.728012600037009e+18,2024-10-04T09:15:02
TATAMOTORS,INE155A01022,10/4/2024,BSE,EQ,A,buy,False,5,931.2,389900,1.7280126000380513e+18,2024-10-04T09:15:19
LODHA,INE670K01029,10/4/2024,NSE,EQ,EQ,buy,False,5,1163.75,400139641,1200000000622500.0,2024-10-04T09:15:47
NH,INE410P01011,10/4/2024,NSE,EQ,EQ,sell,False,5,1216.05,400281504,1200000001185217.0,2024-10-04T09:17:08
M&MFIN,INE774D01024,10/4/2024,NSE,EQ,EQ,buy,False,10,309.5,400344142,1200000001462557.0,2024-10-04T09:17:51
AZAD,INE02IJ01035,10/4/2024,BSE,EQ,B,buy,False,1,1411.4,143500,1.728012600042028e+18,2024-10-04T09:18:20
AZAD,INE02IJ01035,10/4/2024,BSE,EQ,B,buy,False,2,1411.35,143300,1.728012600042028e+18,2024-10-04T09:18:20
LICHSGFIN,INE115A01026,10/4/2024,BSE,EQ,A,buy,False,5,634.4,252700,1.728012600041138e+18,2024-10-04T09:19:28
PFC,INE134E01011,10/4/2024,BSE,EQ,A,buy,False,10,463.8,644500,1.7280126000381711e+18,2024-10-04T09:21:17
BAJAJHFL,INE377Y01014,10/4/2024,BSE,EQ,B,buy,False,50,150.0,1883500,1.728012600015235e+18,2024-10-04T09:22:30
PNCINFRA,INE195J01029,10/4/2024,BSE,EQ,A,buy,False,10,430.0,571000,1.7280126000403738e+18,2024-10-04T09:23:02
LOKESHMACH,INE397H01017,10/4/2024,NSE,EQ,EQ,sell,False,10,380.0,400845225,1200000003628336.0,2024-10-04T09:23:51
LOKESHMACH,INE397H01017,10/4/2024,NSE,EQ,EQ,sell,False,10,380.0,400845224,1200000003628330.0,2024-10-04T09:23:51
PRICOLLTD,INE726V01018,10/4/2024,NSE,EQ,EQ,buy,False,1,466.35,401002991,1200000004322122.0,2024-10-04T09:25:57
PRICOLLTD,INE726V01018,10/4/2024,NSE,EQ,EQ,buy,False,2,466.35,401002989,1200000004322122.0,2024-10-04T09:25:57
PRICOLLTD,INE726V01018,10/4/2024,NSE,EQ,EQ,buy,False,1,466.35,401002992,1200000004322122.0,2024-10-04T09:25:57
PRICOLLTD,INE726V01018,10/4/2024,NSE,EQ,EQ,buy,False,1,466.35,401002990,1200000004322122.0,2024-10-04T09:25:57
POONAWALLA,INE511C01022,10/4/2024,NSE,EQ,EQ,buy,False,1,386.4,402128514,1200000009409066.0,2024-10-04T09:42:25
POONAWALLA,INE511C01022,10/4/2024,NSE,EQ,EQ,buy,False,4,386.4,402128513,1200000009409066.0,2024-10-04T09:42:25
POONAWALLA,INE511C01022,10/4/2024,NSE,EQ,EQ,buy,False,5,386.4,402128512,1200000009409066.0,2024-10-04T09:42:25
SOUTHBANK,INE683A01023,10/4/2024,BSE,EQ,A,buy,False,500,24.07,12019900,1.7280266042163333e+18,2024-10-04T13:07:19
VSSL,INE050M01012,10/4/2024,BSE,EQ,B,buy,False,10,290.0,36138100,1.7280269268623073e+18,2024-10-04T13:08:16
BEL,INE263A01024,10/4/2024,NSE,EQ,EQ,buy,False,10,278.15,6046186,1000000039698967.0,2024-10-04T13:14:20
PETRONET,INE347G01014,10/4/2024,NSE,EQ,EQ,sell,False,35,357.0,411832739,1200000069309242.0,2024-10-04T15:24:40
LODHA,INE670K01029,10/7/2024,NSE,EQ,EQ,sell,False,4,1209.35,400751212,1200000003487992.0,2024-10-07T09:24:43
BAJAJHFL,INE377Y01014,10/7/2024,BSE,EQ,B,buy,False,10,147.15,1976900,1.7282718000313078e+18,2024-10-07T09:26:01
PFC,INE134E01011,10/7/2024,NSE,EQ,EQ,buy,False,1,465.9,400977144,1200000004648548.0,2024-10-07T09:29:04
PFC,INE134E01011,10/7/2024,NSE,EQ,EQ,buy,False,9,465.8,400977143,1200000004648548.0,2024-10-07T09:29:04
BBOX-T,INE676A01027,10/7/2024,BSE,EQ,T,buy,False,30,484.0,1552700,1.728271800000121e+18,2024-10-07T09:33:16
HINDZINC,INE267A01025,10/7/2024,NSE,EQ,EQ,sell,False,20,507.5,202416515,1100000011743504.0,2024-10-07T10:01:09
TIINDIA,INE974X01010,10/7/2024,BSE,EQ,A,buy,False,1,3997.95,1643800,1.728275863744367e+18,2024-10-07T10:32:30
TATAMOTORS,INE155A01022,10/7/2024,NSE,EQ,EQ,buy,False,5,928.0,603503963,1300000016719320.0,2024-10-07T10:36:28
TATATECH,INE142M01025,10/7/2024,NSE,EQ,EQ,buy,False,10,1030.0,603706164,1300000017606696.0,2024-10-07T10:40:42
PETRONET,INE347G01014,10/7/2024,BSE,EQ,A,sell,False,20,349.55,91092200,1.728277520396261e+18,2024-10-07T10:43:05
TATASTEEL,INE081A01020,10/7/2024,NSE,EQ,EQ,sell,False,60,164.0,603952191,1300000018880084.0,2024-10-07T10:46:32
IRFC,INE053F01010,10/7/2024,NSE,EQ,EQ,buy,False,10,145.21,204448082,1100000022984236.0,2024-10-07T10:50:28
TATAINVEST,INE672A01018,10/7/2024,BSE,EQ,A,buy,False,1,6399.7,111809700,1.7282789647426972e+18,2024-10-07T11:02:33
TATAINVEST,INE672A01018,10/8/2024,NSE,EQ,EQ,sell,False,1,6402.0,600094096,1300000000444933.0,2024-10-08T09:15:23
TATASTEEL,INE081A01020,10/8/2024,NSE,EQ,EQ,sell,False,70,158.39,600178172,1300000000340221.0,2024-10-08T09:16:07
BAJAJHFL,INE377Y01014,10/8/2024,BSE,EQ,B,buy,False,10,131.85,854900,1.7283582000501248e+18,2024-10-08T09:16:43
BBOX,INE676A01027,10/8/2024,NSE,EQ,EQ,buy,False,5,459.95,191938,1000000000870703.0,2024-10-08T09:17:04
LODHA,INE670K01029,10/8/2024,NSE,EQ,EQ,buy,False,1,1172.0,400294482,1200000001272819.0,2024-10-08T09:17:26
LODHA,INE670K01029,10/8/2024,NSE,EQ,EQ,buy,False,1,1172.45,400294483,1200000001272819.0,2024-10-08T09:17:26
VSSL,INE050M01012,10/8/2024,NSE,EQ,EQ,buy,False,10,284.8,600358643,1300000001507871.0,2024-10-08T09:18:03
POONAWALLA,INE511C01022,10/8/2024,NSE,EQ,EQ,buy,False,5,375.75,400390569,1200000001712552.0,2024-10-08T09:18:31
ITDC,INE353K01014,10/8/2024,BSE,EQ,B,buy,False,1,631.95,1985700,1.7283582000010673e+18,2024-10-08T09:19:03
ITDC,INE353K01014,10/8/2024,BSE,EQ,B,buy,False,3,632.25,1985900,1.7283582000010673e+18,2024-10-08T09:19:03
ITDC,INE353K01014,10/8/2024,BSE,EQ,B,buy,False,1,631.75,1985500,1.7283582000010673e+18,2024-10-08T09:19:03
AZAD,INE02IJ01035,10/8/2024,NSE,EQ,EQ,buy,False,2,1334.05,318276,1000000001541045.0,2024-10-08T09:19:18
YUKEN,INE384C01016,10/8/2024,NSE,EQ,EQ,buy,False,2,1112.5,600489925,1300000002094443.0,2024-10-08T09:19:44
M&MFIN,INE774D01024,10/8/2024,BSE,EQ,A,buy,False,10,293.65,267900,1.7283582000501253e+18,2024-10-08T09:20:17
PETRONET,INE347G01014,10/8/2024,BSE,EQ,A,sell,False,15,344.7,13603200,1.7283593344509711e+18,2024-10-08T09:21:03
IRFC,INE053F01010,10/8/2024,BSE,EQ,A,buy,False,20,146.35,18677400,1.7283595678016064e+18,2024-10-08T09:24:27
TPHQ-T,INE065J01024,10/8/2024,BSE,EQ,T,buy,False,500,1.28,1466000,1.72835910000312e+18,2024-10-08T09:25:10
BBOX,INE676A01027,10/8/2024,NSE,EQ,EQ,buy,False,5,472.85,642566,1000000003349705.0,2024-10-08T09:25:48
HAPPSTMNDS,INE419U01012,10/8/2024,NSE,EQ,EQ,buy,False,5,791.65,200872524,1100000004456510.0,2024-10-08T09:26:47
TATAMOTORS,INE155A01022,10/8/2024,BSE,EQ,A,buy,False,5,899.3,3691800,1.7283582000489216e+18,2024-10-08T09:30:34
AARTIIND,INE769A01020,10/8/2024,BSE,EQ,A,buy,False,5,540.9,2707800,1.728362734002916e+18,2024-10-08T11:08:54
HAPPSTMNDS,INE419U01012,10/9/2024,NSE,EQ,EQ,sell,False,1,807.15,205304087,1100000032515018.0,2024-10-09T12:24:42
HAPPSTMNDS,INE419U01012,10/9/2024,NSE,EQ,EQ,sell,False,4,807.15,205304088,1100000032515018.0,2024-10-09T12:24:42
AZAD,INE02IJ01035,10/9/2024,NSE,EQ,EQ,buy,False,2,1438.6,4140276,1000000027035737.0,2024-10-09T12:27:37
YUKEN,INE384C01016,10/9/2024,NSE,EQ,EQ,buy,False,2,1170.5,605356071,1300000029149098.0,2024-10-09T12:28:02
SASKEN,INE231F01020,10/9/2024,BSE,EQ,B,sell,False,1,1632.0,30439900,1.7284562019033605e+18,2024-10-09T12:28:19
SASKEN,INE231F01020,10/9/2024,BSE,EQ,B,sell,False,1,1632.0,30439100,1.7284562019033605e+18,2024-10-09T12:28:19
SASKEN,INE231F01020,10/9/2024,BSE,EQ,B,sell,False,1,1632.0,30439300,1.7284562019033605e+18,2024-10-09T12:28:19
SASKEN,INE231F01020,10/9/2024,BSE,EQ,B,sell,False,1,1632.0,30439500,1.7284562019033605e+18,2024-10-09T12:28:19
SASKEN,INE231F01020,10/9/2024,BSE,EQ,B,sell,False,1,1632.0,30439700,1.7284562019033605e+18,2024-10-09T12:28:19
SASKEN,INE231F01020,10/9/2024,BSE,EQ,B,sell,False,3,1632.0,30440100,1.7284562019033605e+18,2024-10-09T12:28:19
M&MFIN,INE774D01024,10/9/2024,NSE,EQ,EQ,buy,False,10,291.9,405610260,1200000031298256.0,2024-10-09T12:30:40
LICHSGFIN,INE115A01026,10/9/2024,BSE,EQ,A,buy,False,5,620.1,3640700,1.7284549651813228e+18,2024-10-09T12:33:39
PRICOLLTD,INE726V01018,10/9/2024,NSE,EQ,EQ,buy,False,5,459.25,405666645,1200000031651289.0,2024-10-09T12:33:58
TIINDIA,INE974X01010,10/9/2024,NSE,EQ,EQ,sell,False,1,4240.0,606312426,1300000034630547.0,2024-10-09T13:21:44
TATAMOTORS,INE155A01022,10/10/2024,BSE,EQ,A,sell,False,5,930.0,1294900,1.7285310002310477e+18,2024-10-10T09:15:05
TATAMOTORS,INE155A01022,10/10/2024,BSE,EQ,A,sell,False,5,920.0,907200,1.7285310002310776e+18,2024-10-10T09:15:16
PNCINFRA,INE195J01029,10/10/2024,BSE,EQ,A,sell,False,15,449.2,413100,1.72853100023023e+18,2024-10-10T09:19:05
YUKEN,INE384C01016,10/10/2024,BSE,EQ,B,sell,False,5,1190.4,3006500,1.728531000001167e+18,2024-10-10T09:27:50
AZAD,INE02IJ01035,10/10/2024,NSE,EQ,EQ,sell,False,1,1452.5,837187,1000000002974731.0,2024-10-10T09:39:07
AZAD,INE02IJ01035,10/10/2024,NSE,EQ,EQ,sell,False,4,1452.25,837188,1000000002974731.0,2024-10-10T09:39:07
LICHSGFIN,INE115A01026,10/10/2024,NSE,EQ,EQ,buy,False,5,622.05,401258048,1200000006432926.0,2024-10-10T09:40:48
M&MFIN,INE774D01024,10/10/2024,BSE,EQ,A,buy,False,10,286.85,483400,1.7285310002313295e+18,2024-10-10T09:41:15
LODHA,INE670K01029,10/10/2024,BSE,EQ,A,sell,False,2,1200.0,68924200,1.728538910240474e+18,2024-10-10T11:25:04
POONAWALLA,INE511C01022,10/11/2024,BSE,EQ,A,sell,False,5,385.0,9075000,1.7286185865991693e+18,2024-10-11T09:20:13
POONAWALLA,INE511C01022,10/11/2024,BSE,EQ,A,sell,False,2,385.0,9084800,1.7286185865991693e+18,2024-10-11T09:20:13
POONAWALLA,INE511C01022,10/11/2024,BSE,EQ,A,sell,False,3,385.0,9085000,1.7286185865991693e+18,2024-10-11T09:20:13
BDL,INE171Z01026,10/11/2024,BSE,EQ,A,sell,False,5,1202.0,18760100,1.7286193850394117e+18,2024-10-11T09:35:15
KSCL,INE455I01029,10/11/2024,BSE,EQ,A,buy,False,2,937.9,108979900,1.7286378316953408e+18,2024-10-11T14:46:24
KSCL,INE455I01029,10/11/2024,BSE,EQ,A,buy,False,3,938.65,108980100,1.7286378316953408e+18,2024-10-11T14:46:24
BAJAJHFL,INE377Y01014,10/14/2024,BSE,EQ,B,sell,False,5,148.0,241200,1.7288766000500623e+18,2024-10-14T09:15:36
BAJAJHFL,INE377Y01014,10/14/2024,BSE,EQ,B,sell,False,9,148.0,241100,1.7288766000500623e+18,2024-10-14T09:15:36
BAJAJHFL,INE377Y01014,10/14/2024,BSE,EQ,B,sell,False,6,148.0,241400,1.7288766000500623e+18,2024-10-14T09:15:36
NH,INE410P01011,10/14/2024,NSE,EQ,EQ,sell,False,4,1235.35,401029280,1200000005506091.0,2024-10-14T09:34:18
NH,INE410P01011,10/14/2024,NSE,EQ,EQ,sell,False,1,1235.35,401029279,1200000005506091.0,2024-10-14T09:34:18
AMAL-X,INE841D01013,10/14/2024,BSE,EQ,X,sell,False,10,345.0,8059000,1.7288766000011492e+18,2024-10-14T10:03:33
LODHA,INE670K01029,10/14/2024,NSE,EQ,EQ,buy,False,2,1183.4,401932652,1200000010669089.0,2024-10-14T10:05:14
LODHA,INE670K01029,10/14/2024,NSE,EQ,EQ,buy,False,1,1183.35,401932651,1200000010669089.0,2024-10-14T10:05:14
PRICOLLTD,INE726V01018,10/14/2024,BSE,EQ,A,buy,False,5,463.35,40515700,1.7288801872549194e+18,2024-10-14T10:05:52
POONAWALLA,INE511C01022,10/14/2024,BSE,EQ,A,buy,False,10,381.9,40835500,1.72888043471457e+18,2024-10-14T10:06:33
TATATECH,INE142M01025,10/14/2024,NSE,EQ,EQ,sell,False,1,1050.55,603305840,1300000016472141.0,2024-10-14T11:08:11
TATATECH,INE142M01025,10/14/2024,NSE,EQ,EQ,sell,False,9,1050.5,603305841,1300000016472141.0,2024-10-14T11:08:11
AARTIIND,INE769A01020,10/14/2024,NSE,EQ,EQ,buy,False,5,535.15,3693466,1000000021539808.0,2024-10-14T12:08:57
MANAPPURAM,INE522D01027,10/14/2024,NSE,EQ,EQ,buy,False,20,184.0,406724632,1200000043408427.0,2024-10-14T14:40:18
PNCINFRA,INE195J01029,10/14/2024,BSE,EQ,A,sell,False,20,450.05,3896000,1.7288991233641236e+18,2024-10-14T15:21:28
AZAD,INE02IJ01035,10/15/2024,BSE,EQ,B,sell,False,6,1515.0,37600,1.7289630000020073e+18,2024-10-15T09:15:34
BAJAJHFL,INE377Y01014,10/15/2024,BSE,EQ,B,buy,False,10,142.9,708300,1.72896300001015e+18,2024-10-15T09:19:39
HINDZINC,INE267A01025,10/15/2024,NSE,EQ,EQ,sell,False,25,515.0,200346960,1100000001827424.0,2024-10-15T09:19:55
M&MFIN,INE774D01024,10/15/2024,BSE,EQ,A,buy,False,5,285.6,159400,1.728963000007093e+18,2024-10-15T09:23:30
LICHSGFIN,INE115A01026,10/15/2024,BSE,EQ,A,buy,False,5,623.5,301100,1.7289630000022257e+18,2024-10-15T09:24:15
AMAL-X,INE841D01013,10/15/2024,BSE,EQ,X,sell,False,10,350.0,6089300,1.7289630000013793e+18,2024-10-15T09:53:09
TATAMOTORS,INE155A01022,10/15/2024,BSE,EQ,A,buy,False,5,919.95,1585300,1.7289670183113528e+18,2024-10-15T10:30:30
ZENSARTECH,INE520A01027,10/15/2024,BSE,EQ,A,sell,False,10,710.0,1826000,1.728975048978714e+18,2024-10-15T14:32:15
AZAD,INE02IJ01035,10/16/2024,NSE,EQ,EQ,sell,False,10,1539.8,113060,1000000000347385.0,2024-10-16T09:15:53
ITDC,INE353K01014,10/16/2024,NSE,EQ,EQ,sell,False,8,680.4,200160833,1100000000864438.0,2024-10-16T09:16:29
ITDC,INE353K01014,10/16/2024,NSE,EQ,EQ,sell,False,2,680.3,200160834,1100000000864438.0,2024-10-16T09:16:29
HERANBA,INE694N01015,10/16/2024,BSE,EQ,B,sell,False,20,473.0,815800,1.7290494000010483e+18,2024-10-16T09:17:36
BAJAJHFL,INE377Y01014,10/16/2024,BSE,EQ,B,buy,False,10,141.45,337200,1.729049400008096e+18,2024-10-16T09:17:48
BBOX,INE676A01027,10/16/2024,BSE,EQ,B,buy,False,1,474.0,3472000,1.729050747382129e+18,2024-10-16T09:25:10
BBOX,INE676A01027,10/16/2024,BSE,EQ,B,buy,False,4,474.1,3472200,1.729050747382129e+18,2024-10-16T09:25:10
MANAPPURAM,INE522D01027,10/16/2024,NSE,EQ,EQ,buy,False,20,180.69,406048091,1200000036879847.0,2024-10-16T13:41:27
BDL,INE171Z01026,10/16/2024,NSE,EQ,EQ,buy,False,2,1188.35,5610738,1000000033113100.0,2024-10-16T13:43:10
POONAWALLA,INE511C01022,10/16/2024,NSE,EQ,EQ,buy,False,5,380.4,406766939,1200000041587234.0,2024-10-16T14:22:08
YUKEN,INE384C01016,10/16/2024,NSE,EQ,EQ,sell,False,5,1195.0,608927274,1300000043837296.0,2024-10-16T15:25:02
TATAMOTORS,INE155A01022,10/17/2024,BSE,EQ,A,buy,False,5,910.0,298300,1.7291358002320148e+18,2024-10-17T09:15:02
MANAPPURAM,INE522D01027,10/17/2024,BSE,EQ,A,buy,False,20,180.2,900300,1.7291358002324772e+18,2024-10-17T09:24:17
ITDC,INE353K01014,10/17/2024,NSE,EQ,EQ,buy,False,5,660.0,201991370,1100000003007244.0,2024-10-17T09:25:05
M&MFIN,INE774D01024,10/17/2024,BSE,EQ,A,buy,False,5,287.7,185300,1.729135800246124e+18,2024-10-17T09:26:06
BDL,INE171Z01026,10/17/2024,BSE,EQ,A,buy,False,2,1180.95,15276100,1.7291373297338317e+18,2024-10-17T09:29:21
TATAMOTORS,INE155A01022,10/17/2024,NSE,EQ,EQ,buy,False,5,900.0,604531126,1300000004878925.0,2024-10-17T09:32:46
PNCINFRA,INE195J01029,10/17/2024,NSE,EQ,EQ,sell,False,3,462.05,400987890,1200000005699777.0,2024-10-17T09:33:01
PNCINFRA,INE195J01029,10/17/2024,NSE,EQ,EQ,sell,False,8,462.05,400987889,1200000005699777.0,2024-10-17T09:33:01
PNCINFRA,INE195J01029,10/17/2024,NSE,EQ,EQ,sell,False,1,462.05,400987888,1200000005699777.0,2024-10-17T09:33:01
PNCINFRA,INE195J01029,10/17/2024,NSE,EQ,EQ,sell,False,4,462.05,400987887,1200000005699777.0,2024-10-17T09:33:01
PNCINFRA,INE195J01029,10/17/2024,NSE,EQ,EQ,sell,False,4,462.05,400987891,1200000005699777.0,2024-10-17T09:33:01
VSSL,INE050M01012,10/17/2024,BSE,EQ,B,buy,False,7,275.1,11036700,1.729140289522448e+18,2024-10-17T10:27:10
VSSL,INE050M01012,10/17/2024,BSE,EQ,B,buy,False,1,275.0,11036200,1.729140289522448e+18,2024-10-17T10:27:10
VSSL,INE050M01012,10/17/2024,BSE,EQ,B,buy,False,1,274.65,11036000,1.729140289522448e+18,2024-10-17T10:27:10
VSSL,INE050M01012,10/17/2024,BSE,EQ,B,buy,False,1,275.05,11036400,1.729140289522448e+18,2024-10-17T10:27:10
LODHA,INE670K01029,10/17/2024,NSE,EQ,EQ,buy,False,2,1181.5,402808270,1200000016892737.0,2024-10-17T10:27:27
SOUTHBANK,INE683A01023,10/17/2024,NSE,EQ,EQ,sell,False,200,25.5,603611573,1300000018937509.0,2024-10-17T11:14:23
POONAWALLA,INE511C01022,10/17/2024,NSE,EQ,EQ,buy,False,5,375.35,406831303,1200000045257969.0,2024-10-17T13:50:26
BEL,INE263A01024,10/18/2024,NSE,EQ,EQ,sell,False,20,280.0,271605,1000000001359049.0,2024-10-18T09:18:13
BEL,INE263A01024,10/18/2024,NSE,EQ,EQ,sell,False,20,280.0,271597,1000000001358865.0,2024-10-18T09:18:13
AZAD,INE02IJ01035,10/18/2024,NSE,EQ,EQ,sell,False,10,1510.0,740391,1000000001756624.0,2024-10-18T09:19:29
SOUTHBANK,INE683A01023,10/18/2024,BSE,EQ,A,sell,False,200,24.7,895500,1.7292222000095987e+18,2024-10-18T09:21:37
BDL,INE171Z01026,10/18/2024,BSE,EQ,A,buy,False,2,1122.95,20227000,1.729223595700879e+18,2024-10-18T09:25:23
YUKEN,INE384C01016,10/18/2024,BSE,EQ,B,sell,False,5,1185.0,7455700,1.729222200000162e+18,2024-10-18T09:26:03
BBOX,INE676A01027,10/18/2024,BSE,EQ,B,sell,False,45,484.0,6156000,1.7292236243643476e+18,2024-10-18T09:30:07
IRFC,INE053F01010,10/18/2024,BSE,EQ,A,buy,False,10,147.6,109056000,1.7292242275047188e+18,2024-10-18T09:37:55
PFC,INE134E01011,10/18/2024,NSE,EQ,EQ,buy,False,5,463.2,401598374,1200000008416122.0,2024-10-18T09:38:40
LODHA,INE670K01029,10/18/2024,NSE,EQ,EQ,buy,False,2,1154.2,401681975,1200000008920237.0,2024-10-18T09:40:34
POONAWALLA,INE511C01022,10/18/2024,BSE,EQ,A,buy,False,5,375.25,36604900,1.7292245550129124e+18,2024-10-18T09:43:04
MANAPPURAM,INE522D01027,10/18/2024,BSE,EQ,A,buy,False,10,154.7,10187000,1.7292290734471214e+18,2024-10-18T11:03:31
MANAPPURAM,INE522D01027,10/18/2024,BSE,EQ,A,buy,False,10,155.5,10225500,1.7292290734471283e+18,2024-10-18T11:04:16
AMAL-X,INE841D01013,10/18/2024,BSE,EQ,X,sell,False,5,408.0,17104900,1.7292222000016553e+18,2024-10-18T12:58:10
AMAL-X,INE841D01013,10/18/2024,BSE,EQ,X,sell,False,15,407.5,17105200,1.7292222000016553e+18,2024-10-18T12:58:10
PRICOLLTD,INE726V01018,10/18/2024,BSE,EQ,A,buy,False,5,466.85,109630800,1.7292365231806036e+18,2024-10-18T13:02:09
POONAWALLA,INE511C01022,10/18/2024,BSE,EQ,A,buy,False,5,375.55,149206600,1.7292440464976773e+18,2024-10-18T15:08:07
LODHA,INE670K01029,10/21/2024,BSE,EQ,A,buy,False,2,1174.95,12594300,1.7294825606422963e+18,2024-10-21T09:20:34
BDL,INE171Z01026,10/21/2024,NSE,EQ,EQ,buy,False,2,1140.4,351001,1000000001866131.0,2024-10-21T09:20:51
BAJAJHFL,INE377Y01014,10/21/2024,NSE,EQ,EQ,buy,False,5,139.94,378497,1000000002030618.0,2024-10-21T09:21:31
BAJAJHFL,INE377Y01014,10/21/2024,NSE,EQ,EQ,buy,False,5,139.9,378496,1000000002030618.0,2024-10-21T09:21:31
MANAPPURAM,INE522D01027,10/21/2024,BSE,EQ,A,buy,False,10,149.45,1593100,1.7294814000315313e+18,2024-10-21T09:24:15
SBIN,INE062A01020,10/21/2024,NSE,EQ,EQ,sell,False,20,815.0,601506492,1300000007744503.0,2024-10-21T09:43:03
IRFC,INE053F01010,10/21/2024,NSE,EQ,EQ,buy,False,10,145.75,203297981,1100000021475228.0,2024-10-21T10:58:00
LODHA,INE670K01029,10/21/2024,BSE,EQ,A,buy,False,2,1159.95,70262400,1.729488067919751e+18,2024-10-21T10:59:11
MANAPPURAM,INE522D01027,10/21/2024,BSE,EQ,A,buy,False,10,147.75,6499700,1.72948725391152e+18,2024-10-21T11:02:36
PFC,INE134E01011,10/21/2024,NSE,EQ,EQ,buy,False,5,462.8,405244717,1200000035540719.0,2024-10-21T12:16:03
PNCINFRA,INE195J01029,10/22/2024,NSE,EQ,EQ,buy,False,5,338.35,401446888,1200000007526492.0,2024-10-22T09:37:10
BDL,INE171Z01026,10/22/2024,BSE,EQ,A,buy,False,2,1093.45,26378600,1.729569506560441e+18,2024-10-22T09:37:31
YUKEN,INE384C01016,10/22/2024,NSE,EQ,EQ,buy,False,1,1172.45,601284658,1300000006734111.0,2024-10-22T09:37:52
YUKEN,INE384C01016,10/22/2024,NSE,EQ,EQ,buy,False,1,1172.5,601284659,1300000006734111.0,2024-10-22T09:37:52
IRFC,INE053F01010,10/22/2024,BSE,EQ,A,buy,False,10,141.9,26735100,1.7295697823618693e+18,2024-10-22T09:38:03
MANAPPURAM,INE522D01027,10/22/2024,BSE,EQ,A,buy,False,10,144.45,1837400,1.7295678001129423e+18,2024-10-22T09:38:23
BEL,INE263A01024,10/22/2024,NSE,EQ,EQ,buy,False,10,278.45,1126444,1000000006716188.0,2024-10-22T09:38:50
PFC,INE134E01011,10/22/2024,NSE,EQ,EQ,buy,False,5,459.5,401553189,1200000008123203.0,2024-10-22T09:39:34
TATAMOTORS,INE155A01022,10/22/2024,NSE,EQ,EQ,buy,False,2,896.05,601355824,1300000007119364.0,2024-10-22T09:39:47
TATAMOTORS,INE155A01022,10/22/2024,NSE,EQ,EQ,buy,False,3,896.05,601355825,1300000007119364.0,2024-10-22T09:39:47
VSSL,INE050M01012,10/22/2024,BSE,EQ,B,buy,False,5,269.75,6629300,1.729569539004669e+18,2024-10-22T09:40:19
VSSL,INE050M01012,10/22/2024,BSE,EQ,B,buy,False,2,269.7,6629100,1.729569539004669e+18,2024-10-22T09:40:19
VSSL,INE050M01012,10/22/2024,BSE,EQ,B,buy,False,2,269.6,6628900,1.729569539004669e+18,2024-10-22T09:40:19
VSSL,INE050M01012,10/22/2024,BSE,EQ,B,buy,False,1,269.5,6628700,1.729569539004669e+18,2024-10-22T09:40:19
ZENSARTECH,INE520A01027,10/22/2024,NSE,EQ,EQ,buy,False,1,676.05,601405984,1300000007408081.0,2024-10-22T09:41:16
ZENSARTECH,INE520A01027,10/22/2024,NSE,EQ,EQ,buy,False,2,676.05,601405983,1300000007408081.0,2024-10-22T09:41:16
ZENSARTECH,INE520A01027,10/22/2024,NSE,EQ,EQ,buy,False,1,675.95,601405981,1300000007408081.0,2024-10-22T09:41:16
ZENSARTECH,INE520A01027,10/22/2024,NSE,EQ,EQ,buy,False,1,675.95,601405982,1300000007408081.0,2024-10-22T09:41:16
YUKEN,INE384C01016,10/22/2024,NSE,EQ,EQ,buy,False,2,1150.0,605806635,1300000007750634.0,2024-10-22T09:43:04
JIOFIN,INE758E01017,10/22/2024,BSE,EQ,A,buy,False,10,320.0,62817300,1.7295734520234578e+18,2024-10-22T10:35:57
POONAWALLA,INE511C01022,10/22/2024,NSE,EQ,EQ,buy,False,5,368.25,405505600,1200000034041507.0,2024-10-22T11:42:04
LOKESHMACH,INE397H01017,10/22/2024,NSE,EQ,EQ,buy,False,10,365.0,406136247,1200000038996657.0,2024-10-22T12:07:09
SBIN,INE062A01020,10/22/2024,NSE,EQ,EQ,buy,False,5,789.45,610226030,1300000058817995.0,2024-10-22T15:08:47
SBIN,INE062A01020,10/22/2024,NSE,EQ,EQ,buy,False,1,789.45,610226031,1300000058817995.0,2024-10-22T15:08:47
SBIN,INE062A01020,10/22/2024,NSE,EQ,EQ,buy,False,4,789.4,610226029,1300000058817995.0,2024-10-22T15:08:47
TATASTEEL,INE081A01020,10/23/2024,NSE,EQ,EQ,buy,False,50,149.89,600059519,1300000000292835.0,2024-10-23T09:15:09
MANAPPURAM,INE522D01027,10/23/2024,BSE,EQ,A,buy,False,10,139.85,328700,1.729654200119038e+18,2024-10-23T09:15:09
M&MFIN,INE774D01024,10/23/2024,NSE,EQ,EQ,buy,False,10,263.55,400151324,1200000000654608.0,2024-10-23T09:15:53
ZENSARTECH,INE520A01027,10/23/2024,BSE,EQ,A,buy,False,5,642.2,136600,1.7296542002980613e+18,2024-10-23T09:16:35
SOUTHBANK,INE683A01023,10/23/2024,BSE,EQ,A,buy,False,500,23.47,416300,1.7296542002991247e+18,2024-10-23T09:17:17
PNCINFRA,INE195J01029,10/23/2024,NSE,EQ,EQ,buy,False,4,338.65,400344834,1200000001504962.0,2024-10-23T09:17:47
PNCINFRA,INE195J01029,10/23/2024,NSE,EQ,EQ,buy,False,1,338.65,400344835,1200000001504962.0,2024-10-23T09:17:47
BEL,INE263A01024,10/23/2024,NSE,EQ,EQ,buy,False,10,272.2,311975,1000000001556328.0,2024-10-23T09:18:25
HAPPSTMNDS,INE419U01012,10/23/2024,NSE,EQ,EQ,buy,False,2,771.95,200390688,1100000001829493.0,2024-10-23T09:18:45
HAPPSTMNDS,INE419U01012,10/23/2024,NSE,EQ,EQ,buy,False,3,772.0,200390689,1100000001829493.0,2024-10-23T09:18:45
YUKEN,INE384C01016,10/23/2024,NSE,EQ,EQ,buy,False,2,1155.0,600735510,1300000003167866.0,2024-10-23T09:23:03
BDL,INE171Z01026,10/23/2024,BSE,EQ,A,buy,False,2,1051.45,22795300,1.7296553635437166e+18,2024-10-23T09:24:37
PFC,INE134E01011,10/23/2024,BSE,EQ,A,buy,False,5,430.0,1170100,1.729654200310705e+18,2024-10-23T09:40:51
VSSL,INE050M01012,10/23/2024,BSE,EQ,B,buy,False,10,257.35,7931600,1.7296557657227228e+18,2024-10-23T09:43:00
ZENSARTECH,INE520A01027,10/23/2024,BSE,EQ,A,sell,False,5,698.15,2517100,1.72966184407371e+18,2024-10-23T12:24:15
LOKESHMACH,INE397H01017,10/23/2024,BSE,EQ,B,sell,False,10,364.1,37083700,1.7296660464532004e+18,2024-10-23T12:25:53
JIOFIN,INE758E01017,10/23/2024,BSE,EQ,A,sell,False,10,317.65,155469700,1.729670301770412e+18,2024-10-23T13:34:32
POONAWALLA,INE511C01022,10/24/2024,NSE,EQ,EQ,buy,False,5,363.25,400262729,1200000001326824.0,2024-10-24T09:17:14
BEL,INE263A01024,10/24/2024,BSE,EQ,A,buy,False,10,269.6,227500,1.7297406000070216e+18,2024-10-24T09:17:27
SBIN,INE062A01020,10/24/2024,NSE,EQ,EQ,buy,False,2,788.95,600300409,1300000001375111.0,2024-10-24T09:17:49
PFC,INE134E01011,10/24/2024,NSE,EQ,EQ,buy,False,5,439.95,400326757,1200000001652336.0,2024-10-24T09:18:00
YUKEN,INE384C01016,10/24/2024,NSE,EQ,EQ,buy,False,2,1152.7,600437819,1300000002047380.0,2024-10-24T09:19:48
IRFC,INE053F01010,10/24/2024,BSE,EQ,A,buy,False,10,137.65,9786200,1.7297417606452032e+18,2024-10-24T09:20:19
BAJAJHFL,INE377Y01014,10/24/2024,NSE,EQ,EQ,buy,False,10,134.02,382086,1000000002009173.0,2024-10-24T09:20:39
YUKEN,INE384C01016,10/25/2024,BSE,EQ,B,buy,False,1,1143.2,1892100,1.729827000188156e+18,2024-10-25T09:22:34
YUKEN,INE384C01016,10/25/2024,BSE,EQ,B,buy,False,1,1142.3,1891900,1.729827000188156e+18,2024-10-25T09:22:34
M&MFIN,INE774D01024,10/25/2024,BSE,EQ,A,buy,False,5,266.7,244800,1.729827000295183e+18,2024-10-25T09:23:51
TATASTEEL,INE081A01020,10/25/2024,BSE,EQ,A,buy,False,10,147.8,699600,1.7298270002963087e+18,2024-10-25T09:24:22
BEL,INE263A01024,10/25/2024,BSE,EQ,A,buy,False,10,265.0,2746000,1.7298270002972096e+18,2024-10-25T09:24:47
HINDCOPPER,INE531E01026,10/25/2024,BSE,EQ,A,buy,False,10,284.75,383800,1.729827000295294e+18,2024-10-25T09:30:31
PFC,INE134E01011,10/25/2024,NSE,EQ,EQ,buy,False,5,439.3,402881250,1200000015603623.0,2024-10-25T10:11:01
POONAWALLA,INE511C01022,10/28/2024,BSE,EQ,A,buy,False,10,306.4,69392200,1.730090733278979e+18,2024-10-28T10:20:07
PFC,INE134E01011,10/28/2024,BSE,EQ,A,buy,False,5,451.35,2022500,1.73008892630889e+18,2024-10-28T10:36:38
MANAPPURAM,INE522D01027,10/28/2024,NSE,EQ,EQ,buy,False,10,147.2,404648048,1200000026640984.0,2024-10-28T11:11:39
PNCINFRA,INE195J01029,10/28/2024,BSE,EQ,A,buy,False,5,312.9,1807500,1.7300923133645773e+18,2024-10-28T11:12:15
BAJAJHFL,INE377Y01014,10/28/2024,BSE,EQ,B,buy,False,10,131.8,5627500,1.7300927440650655e+18,2024-10-28T11:12:38
YUKEN,INE384C01016,10/28/2024,BSE,EQ,B,buy,False,1,1089.85,16073500,1.7300926218343393e+18,2024-10-28T11:12:56
YUKEN,INE384C01016,10/28/2024,BSE,EQ,B,buy,False,1,1091.8,16073700,1.7300926218343393e+18,2024-10-28T11:12:56
KSCL,INE455I01029,10/28/2024,BSE,EQ,A,buy,False,1,829.1,93657800,1.730094170791172e+18,2024-10-28T11:14:53
KSCL,INE455I01029,10/28/2024,BSE,EQ,A,buy,False,4,829.15,93658100,1.730094170791172e+18,2024-10-28T11:14:53
BDL,INE171Z01026,10/28/2024,NSE,EQ,EQ,buy,False,2,1042.85,4046889,1000000024022191.0,2024-10-28T11:17:57
PNCINFRA,INE195J01029,10/28/2024,BSE,EQ,A,buy,False,5,314.35,1872500,1.7300923133646313e+18,2024-10-28T11:18:53
ITDC,INE353K01014,10/28/2024,NSE,EQ,EQ,buy,False,1,578.95,205459850,1100000028887089.0,2024-10-28T11:32:02
ITDC,INE353K01014,10/28/2024,NSE,EQ,EQ,buy,False,4,579.1,205459851,1100000028887089.0,2024-10-28T11:32:02
KSCL,INE455I01029,10/29/2024,BSE,EQ,A,buy,False,5,830.85,5656800,1.7301717364050217e+18,2024-10-29T09:16:36
BEL,INE263A01024,10/29/2024,NSE,EQ,EQ,sell,False,20,274.55,1016710,1000000005931697.0,2024-10-29T09:34:44
TATASTEEL,INE081A01020,10/29/2024,BSE,EQ,A,buy,False,30,147.4,3419700,1.7301757081415393e+18,2024-10-29T10:21:51
ZENSARTECH,INE520A01027,10/29/2024,BSE,EQ,A,sell,False,10,699.9,1654800,1.730177786385154e+18,2024-10-29T10:40:20
LODHA,INE670K01029,10/29/2024,NSE,EQ,EQ,sell,False,5,1193.8,408872884,1200000056668661.0,2024-10-29T14:54:14
BAJAJHFL,INE377Y01014,10/29/2024,NSE,EQ,EQ,buy,False,10,131.0,6689992,1000000048191004.0,2024-10-29T14:56:58
TATAMOTORS,INE155A01022,10/29/2024,BSE,EQ,A,buy,False,5,842.0,21131800,1.7301917052927045e+18,2024-10-29T14:57:45
PRICOLLTD,INE726V01018,10/29/2024,BSE,EQ,A,buy,False,5,447.25,154488000,1.7301952918471885e+18,2024-10-29T15:21:26
AARTIDRUGS,INE767A01016,10/30/2024,BSE,EQ,A,buy,False,5,486.0,12909600,1.730260176170105e+18,2024-10-30T09:23:13
IRFC,INE053F01010,10/30/2024,NSE,EQ,EQ,sell,False,20,153.05,203401854,1100000020410475.0,2024-10-30T10:49:22
VSSL,INE050M01012,10/30/2024,BSE,EQ,B,buy,False,5,268.05,12948000,1.7302658542861496e+18,2024-10-30T10:59:18
BAJAJHFL,INE377Y01014,10/30/2024,BSE,EQ,B,buy,False,10,135.25,3585600,1.7302590002227164e+18,2024-10-30T11:01:56
LICHSGFIN,INE115A01026,10/30/2024,NSE,EQ,EQ,sell,False,10,646.9,403773291,1200000023529260.0,2024-10-30T11:03:02
TATASTEEL,INE081A01020,10/30/2024,NSE,EQ,EQ,buy,False,10,150.4,603787274,1300000021100703.0,2024-10-30T11:05:03
M&MFIN,INE774D01024,10/30/2024,NSE,EQ,EQ,buy,False,5,276.65,403840698,1200000024022236.0,2024-10-30T11:06:29
RAJESHEXPO,INE343B01030,10/30/2024,BSE,EQ,A,buy,False,10,248.7,1941400,1.7302628686216325e+18,2024-10-30T11:10:04
M&MFIN,INE774D01024,10/30/2024,NSE,EQ,EQ,buy,False,5,274.8,405952523,1200000038879949.0,2024-10-30T13:00:28
KSCL,INE455I01029,10/31/2024,NSE,EQ,EQ,sell,False,5,875.0,400079491,1200000000268823.0,2024-10-31T09:15:06
FIVESTAR,INE128S01021,10/31/2024,NSE,EQ,EQ,buy,False,16,725.85,200171082,1100000000877276.0,2024-10-31T09:16:24
FIVESTAR,INE128S01021,10/31/2024,NSE,EQ,EQ,buy,False,4,725.85,200171083,1100000000877276.0,2024-10-31T09:16:24
SBIN,INE062A01020,10/31/2024,BSE,EQ,A,sell,False,12,815.05,2138200,1.7303519948156872e+18,2024-10-31T12:25:36
POONAWALLA,INE511C01022,10/31/2024,NSE,EQ,EQ,sell,False,10,360.0,405244115,1200000035390063.0,2024-10-31T12:44:25
MANAPPURAM,INE522D01027,10/31/2024,NSE,EQ,EQ,buy,False,8,156.28,407342736,1200000048624311.0,2024-10-31T14:32:58
MANAPPURAM,INE522D01027,10/31/2024,NSE,EQ,EQ,buy,False,1,156.28,407342735,1200000048624311.0,2024-10-31T14:32:58
MANAPPURAM,INE522D01027,10/31/2024,NSE,EQ,EQ,buy,False,1,156.28,407342734,1200000048624311.0,2024-10-31T14:32:58
FIVESTAR,INE128S01021,11/1/2024,NSE,EQ,EQ,buy,False,10,715.0,200394913,1100000000279090.0,2024-11-01T18:00:03
BDL,INE171Z01026,11/1/2024,NSE,EQ,EQ,buy,False,1,1110.0,843517,1000000002981116.0,2024-11-01T18:20:39
M&MFIN,INE774D01024,11/1/2024,BSE,EQ,A,buy,False,5,271.25,604500,1.7304633002711977e+18,2024-11-01T18:21:44
AARTIDRUGS,INE767A01016,11/1/2024,NSE,EQ,EQ,buy,False,5,486.35,889005,1000000003140677.0,2024-11-01T18:22:24
PNCINFRA,INE195J01029,11/1/2024,NSE,EQ,EQ,buy,False,10,323.75,401474818,1200000004879786.0,2024-11-01T18:26:03
VSSL,INE050M01012,11/1/2024,BSE,EQ,B,sell,False,10,271.0,20378700,1.730466947684017e+18,2024-11-01T18:46:49
IRFC,INE053F01010,11/1/2024,BSE,EQ,A,sell,False,9,157.0,84155900,1.7304674565581558e+18,2024-11-01T18:54:31
IRFC,INE053F01010,11/1/2024,BSE,EQ,A,sell,False,1,157.0,84156300,1.7304674565581558e+18,2024-11-01T18:54:31
IRFC,INE053F01010,11/1/2024,BSE,EQ,A,sell,False,10,157.0,84156100,1.7304674565581558e+18,2024-11-01T18:54:31
POONAWALLA,INE511C01022,11/4/2024,BSE,EQ,A,sell,False,15,371.0,5162600,1.7306910000006413e+18,2024-11-04T09:15:20
PRICOLLTD,INE726V01018,11/4/2024,BSE,EQ,A,sell,False,2,470.0,8530700,1.7306910000009508e+18,2024-11-04T09:16:43
PRICOLLTD,INE726V01018,11/4/2024,BSE,EQ,A,sell,False,13,470.0,8534800,1.7306910000009508e+18,2024-11-04T09:16:43
IRFC,INE053F01010,11/4/2024,NSE,EQ,EQ,sell,False,12,155.06,200325174,1100000001330084.0,2024-11-04T09:17:07
IRFC,INE053F01010,11/4/2024,NSE,EQ,EQ,sell,False,18,155.06,200325173,1100000001330084.0,2024-11-04T09:17:07
PFC,INE134E01011,11/4/2024,NSE,EQ,EQ,sell,False,10,450.0,401013880,1200000005020559.0,2024-11-04T09:25:03
SOUTHBANK,INE683A01023,11/4/2024,NSE,EQ,EQ,sell,False,300,24.33,600983070,1300000004514905.0,2024-11-04T09:25:44
YUKEN,INE384C01016,11/4/2024,NSE,EQ,EQ,sell,False,7,1160.0,601525713,1300000007468400.0,2024-11-04T09:35:49
AARTIDRUGS,INE767A01016,11/4/2024,NSE,EQ,EQ,buy,False,5,496.8,1210884,1000000007669707.0,2024-11-04T09:38:40
BAJAJHFL,INE377Y01014,11/4/2024,BSE,EQ,B,buy,False,10,135.15,2144600,1.7306910001524086e+18,2024-11-04T09:44:14
HINDCOPPER,INE531E01026,11/4/2024,NSE,EQ,EQ,sell,False,10,290.7,201754039,1100000009857188.0,2024-11-04T09:44:52
TPHQ,INE065J01024,11/4/2024,BSE,EQ,B,sell,False,323,1.4,32553300,1.7306910000010957e+18,2024-11-04T09:48:42
TPHQ,INE065J01024,11/4/2024,BSE,EQ,B,sell,False,1019,1.4,32779600,1.7306910000010957e+18,2024-11-04T09:48:42
TPHQ,INE065J01024,11/4/2024,BSE,EQ,B,sell,False,8,1.4,32766700,1.7306910000010957e+18,2024-11-04T09:48:42
TPHQ,INE065J01024,11/4/2024,BSE,EQ,B,sell,False,250,1.4,32749000,1.7306910000010957e+18,2024-11-04T09:48:42
LICHSGFIN,INE115A01026,11/4/2024,NSE,EQ,EQ,buy,False,5,620.0,403434418,1200000012697230.0,2024-11-04T09:51:50
BDL,INE171Z01026,11/4/2024,NSE,EQ,EQ,buy,False,1,1081.9,1612061,1000000010657364.0,2024-11-04T09:53:47
KSCL,INE455I01029,11/4/2024,BSE,EQ,A,sell,False,15,930.0,44677900,1.7306943373241388e+18,2024-11-04T09:57:32
LODHA,INE670K01029,11/4/2024,NSE,EQ,EQ,sell,False,5,1210.0,402412807,1200000013994950.0,2024-11-04T09:57:45
FIVESTAR,INE128S01021,11/4/2024,NSE,EQ,EQ,buy,False,3,699.5,207998279,1100000051127562.0,2024-11-04T14:27:03
FIVESTAR,INE128S01021,11/4/2024,NSE,EQ,EQ,buy,False,2,699.5,207998278,1100000051127562.0,2024-11-04T14:27:03
PNCINFRA,INE195J01029,11/5/2024,BSE,EQ,A,buy,False,5,314.4,247700,1.7307774000131205e+18,2024-11-05T09:19:29
MANAPPURAM,INE522D01027,11/5/2024,BSE,EQ,A,buy,False,10,153.55,911700,1.73077740001032e+18,2024-11-05T09:20:53
TATAMOTORS,INE155A01022,11/5/2024,BSE,EQ,A,buy,False,5,832.0,1058200,1.7307774000103724e+18,2024-11-05T09:22:44
NH,INE410P01011,11/5/2024,NSE,EQ,EQ,buy,False,2,1200.0,401500881,1200000009385527.0,2024-11-05T09:46:16
NH,INE410P01011,11/5/2024,NSE,EQ,EQ,buy,False,8,1200.0,401500882,1200000009385527.0,2024-11-05T09:46:16
VSSL,INE050M01012,11/5/2024,NSE,EQ,EQ,sell,False,10,274.0,601698615,1300000009558122.0,2024-11-05T09:49:30
LODHA,INE670K01029,11/5/2024,NSE,EQ,EQ,buy,False,1,1166.25,403407346,1200000023516397.0,2024-11-05T11:01:21
PFC,INE134E01011,11/5/2024,BSE,EQ,A,buy,False,5,443.45,1419600,1.7307810111758797e+18,2024-11-05T11:02:01
FIVESTAR,INE128S01021,11/5/2024,NSE,EQ,EQ,buy,False,5,690.95,203339717,1100000022887288.0,2024-11-05T11:02:46
LODHA,INE670K01029,11/5/2024,NSE,EQ,EQ,buy,False,1,1161.25,406041512,1200000042455496.0,2024-11-05T13:18:46
FIVESTAR,INE128S01021,11/5/2024,NSE,EQ,EQ,buy,False,5,672.3,209230509,1100000061345788.0,2024-11-05T15:27:12
TPHQ,INE065J01024,11/6/2024,BSE,EQ,B,sell,False,900,1.45,12403600,1.7308638000011313e+18,2024-11-06T09:46:21
FIVESTAR,INE128S01021,11/6/2024,BSE,EQ,A,buy,False,5,665.0,35797700,1.7308673095788623e+18,2024-11-06T10:02:42
HAPPSTMNDS,INE419U01012,11/6/2024,NSE,EQ,EQ,sell,False,9,783.1,207936815,1100000051858081.0,2024-11-06T14:49:38
HAPPSTMNDS,INE419U01012,11/6/2024,NSE,EQ,EQ,sell,False,1,783.05,207936816,1100000051858081.0,2024-11-06T14:49:38
MANAPPURAM,INE522D01027,11/6/2024,NSE,EQ,EQ,buy,False,10,156.89,409422346,1200000060044982.0,2024-11-06T15:05:57
BEL,INE263A01024,11/7/2024,NSE,EQ,EQ,sell,False,60,298.0,675672,1000000003682224.0,2024-11-07T09:24:25
AARTIDRUGS,INE767A01016,11/7/2024,BSE,EQ,A,sell,False,5,497.05,19002500,1.730951610248921e+18,2024-11-07T09:26:40
ZENSARTECH,INE520A01027,11/7/2024,NSE,EQ,EQ,sell,False,25,735.0,602057546,1300000010757955.0,2024-11-07T09:52:00
BAJAJHFL,INE377Y01014,11/7/2024,NSE,EQ,EQ,sell,False,30,138.99,2124771,1000000013672429.0,2024-11-07T10:10:58
TIINDIA,INE974X01010,11/7/2024,NSE,EQ,EQ,buy,False,1,3995.0,602698081,1300000015629517.0,2024-11-07T10:18:16
VSSL,INE050M01012,11/7/2024,NSE,EQ,EQ,buy,False,5,263.2,609664481,1300000054903955.0,2024-11-07T15:24:54
IRFC,INE053F01010,11/8/2024,NSE,EQ,EQ,sell,False,8,150.71,200206222,1100000001048154.0,2024-11-08T09:16:39
IRFC,INE053F01010,11/8/2024,NSE,EQ,EQ,sell,False,22,150.71,200206223,1100000001048154.0,2024-11-08T09:16:39
PRICOLLTD,INE726V01018,11/8/2024,NSE,EQ,EQ,sell,False,7,469.3,400421605,1200000002348499.0,2024-11-08T09:19:37
PRICOLLTD,INE726V01018,11/8/2024,NSE,EQ,EQ,sell,False,3,469.3,400421604,1200000002348499.0,2024-11-08T09:19:37
NH,INE410P01011,11/8/2024,NSE,EQ,EQ,sell,False,10,1260.05,400566534,1200000003263155.0,2024-11-08T09:21:54
PFC,INE134E01011,11/8/2024,NSE,EQ,EQ,sell,False,15,455.0,400641067,1200000003632131.0,2024-11-08T09:22:54
POONAWALLA,INE511C01022,11/8/2024,BSE,EQ,A,sell,False,10,365.1,58399200,1.7310442791030843e+18,2024-11-08T11:09:19
LICHSGFIN,INE115A01026,11/8/2024,NSE,EQ,EQ,sell,False,10,640.05,405062026,1200000035663674.0,2024-11-08T12:21:30
LODHA,INE670K01029,11/8/2024,NSE,EQ,EQ,sell,False,12,1174.1,408161058,1200000057952196.0,2024-11-08T15:02:19
HINDCOPPER,INE531E01026,11/8/2024,NSE,EQ,EQ,buy,False,30,280.0,209097225,1100000058252555.0,2024-11-08T15:26:40
YUKEN,INE384C01016,11/11/2024,BSE,EQ,B,sell,False,10,1145.0,525900,1.731295800013187e+18,2024-11-11T09:15:05
SOUTHBANK,INE683A01023,11/11/2024,BSE,EQ,A,sell,False,200,23.8,396900,1.7312958000140524e+18,2024-11-11T09:15:43
TATASTEEL,INE081A01020,11/11/2024,NSE,EQ,EQ,buy,False,10,145.75,601915804,1300000010484693.0,2024-11-11T09:47:59
HAPPSTMNDS,INE419U01012,11/11/2024,BSE,EQ,A,buy,False,1,767.85,41113100,1.7312985482716823e+18,2024-11-11T09:48:32
HAPPSTMNDS,INE419U01012,11/11/2024,BSE,EQ,A,buy,False,4,767.6,41112900,1.7312985482716823e+18,2024-11-11T09:48:32
HINDCOPPER,INE531E01026,11/11/2024,BSE,EQ,A,buy,False,10,278.45,1764200,1.7312958000216704e+18,2024-11-11T09:49:36
MANAPPURAM,INE522D01027,11/11/2024,NSE,EQ,EQ,buy,False,10,148.76,402039576,1200000013028837.0,2024-11-11T09:52:18
HINDCOPPER,INE531E01026,11/12/2024,BSE,EQ,A,buy,False,10,276.55,667600,1.731382200008186e+18,2024-11-12T09:28:37
YUKEN,INE384C01016,11/12/2024,BSE,EQ,B,buy,False,3,1147.0,3141500,1.7313822000091884e+18,2024-11-12T09:29:09
TATAMOTORS,INE155A01022,11/12/2024,BSE,EQ,A,buy,False,5,803.1,1838800,1.7313822000086328e+18,2024-11-12T09:30:03
VSSL,INE050M01012,11/12/2024,BSE,EQ,B,buy,False,1,259.45,3345500,1.7313822000099668e+18,2024-11-12T09:30:24
VSSL,INE050M01012,11/12/2024,BSE,EQ,B,buy,False,9,259.5,3345700,1.7313822000099668e+18,2024-11-12T09:30:24
TATASTEEL,INE081A01020,11/12/2024,NSE,EQ,EQ,buy,False,10,146.1,600985768,1300000005351904.0,2024-11-12T09:30:57
YUKEN,INE384C01016,11/12/2024,BSE,EQ,B,buy,False,2,1136.4,12213500,1.7313893379045233e+18,2024-11-12T11:25:11
PFC,INE134E01011,11/12/2024,NSE,EQ,EQ,sell,False,14,475.1,405266408,1200000035457373.0,2024-11-12T12:41:15
PFC,INE134E01011,11/12/2024,NSE,EQ,EQ,sell,False,31,475.1,405266407,1200000035457373.0,2024-11-12T12:41:15
LODHA,INE670K01029,11/13/2024,BSE,EQ,A,sell,False,10,1230.0,4627400,1.7314686000051791e+18,2024-11-13T09:15:01
SOUTHBANK,INE683A01023,11/13/2024,NSE,EQ,EQ,buy,False,100,23.3,600466539,1300000002293470.0,2024-11-13T09:20:30
IRFC,INE053F01010,11/13/2024,BSE,EQ,A,buy,False,10,143.9,22316300,1.7314703252430129e+18,2024-11-13T09:30:19
POONAWALLA,INE511C01022,11/13/2024,NSE,EQ,EQ,buy,False,5,354.3,401320449,1200000006714235.0,2024-11-13T09:30:43
YUKEN,INE384C01016,11/13/2024,BSE,EQ,B,buy,False,2,1116.0,4967000,1.731468600009189e+18,2024-11-13T09:31:03
MANAPPURAM,INE522D01027,11/13/2024,NSE,EQ,EQ,sell,False,30,158.0,401397587,1200000007033235.0,2024-11-13T09:31:28
KSCL,INE455I01029,11/13/2024,BSE,EQ,A,buy,False,5,875.0,25291000,1.7314704422383844e+18,2024-11-13T09:32:07
PFC,INE134E01011,11/13/2024,NSE,EQ,EQ,buy,False,20,460.0,401590056,1200000008149661.0,2024-11-13T09:34:27
AARTIDRUGS,INE767A01016,11/13/2024,NSE,EQ,EQ,buy,False,4,474.2,1183502,1000000007171864.0,2024-11-13T09:37:46
AARTIDRUGS,INE767A01016,11/13/2024,NSE,EQ,EQ,buy,False,1,474.2,1183501,1000000007171864.0,2024-11-13T09:37:46
BEL,INE263A01024,11/13/2024,BSE,EQ,A,buy,False,20,280.0,1951500,1.7314686000179456e+18,2024-11-13T09:47:54
SOUTHBANK,INE683A01023,11/14/2024,NSE,EQ,EQ,buy,False,100,22.9,600119863,1300000000555103.0,2024-11-14T09:15:36
BDL,INE171Z01026,11/14/2024,BSE,EQ,A,buy,False,5,1000.0,16453700,1.7315563983582612e+18,2024-11-14T09:24:44
YUKEN,INE384C01016,11/14/2024,BSE,EQ,B,buy,False,2,1130.0,4436100,1.7315550000541893e+18,2024-11-14T09:30:11
POONAWALLA,INE511C01022,11/14/2024,NSE,EQ,EQ,buy,False,5,352.0,406557884,1200000014423305.0,2024-11-14T09:57:59
VSSL,INE050M01012,11/14/2024,BSE,EQ,B,buy,False,8,256.0,9588700,1.7315579289955323e+18,2024-11-14T09:59:56
VSSL,INE050M01012,11/14/2024,BSE,EQ,B,buy,False,3,256.0,9588900,1.7315579289955323e+18,2024-11-14T09:59:56
VSSL,INE050M01012,11/14/2024,BSE,EQ,B,buy,False,9,256.0,9583200,1.7315579289955323e+18,2024-11-14T09:59:56
IRFC,INE053F01010,11/14/2024,BSE,EQ,A,buy,False,20,142.0,48445000,1.731558631651928e+18,2024-11-14T10:03:35
TIINDIA,INE974X01010,11/14/2024,NSE,EQ,EQ,buy,False,2,3525.0,602597984,1300000014261583.0,2024-11-14T10:04:38
PFC,INE134E01011,11/14/2024,BSE,EQ,A,buy,False,10,454.6,4754100,1.731561995526684e+18,2024-11-14T11:43:13
MANAPPURAM,INE522D01027,11/18/2024,BSE,EQ,A,buy,False,10,152.45,1125800,1.731900600218158e+18,2024-11-18T09:18:39
KSCL,INE455I01029,11/18/2024,NSE,EQ,EQ,buy,False,2,844.05,400602227,1200000002659928.0,2024-11-18T09:20:15
