symbol,isin,trade_date,exchange,segment,series,trade_type,auction,quantity,price,trade_id,order_id,order_execution_time
ZOMATO,INE758T01015,2025-04-01,NSE,EQ,EQ,buy,false,10.000000,202.180000,600195903,1300000000843013,2025-04-01T09:16:06
IRFC,INE053F01010,2025-04-01,NSE,EQ,EQ,buy,false,10.000000,123.190000,200251401,1100000001154852,2025-04-01T09:16:29
BMW,INE374E01021,2025-04-01,BSE,EQ,B,buy,false,20.000000,47.400000,1044800,1743478200050058396,2025-04-01T09:21:22
JPPOWER,INE351F01018,2025-04-01,BSE,EQ,A,buy,false,50.000000,14.500000,1815900,1743478200050829800,2025-04-01T09:29:36
INSECTICID,INE070I01018,2025-04-01,BSE,EQ,B,buy,false,5.000000,603.000000,1992500,1743478200001645790,2025-04-01T09:49:08
HINDCOPPER,INE531E01026,2025-04-01,NSE,EQ,EQ,buy,false,6.000000,222.000000,205939305,1100000049718141,2025-04-01T12:52:23
HINDCOPPER,INE531E01026,2025-04-01,NSE,EQ,EQ,buy,false,4.000000,222.000000,205939231,1100000049718141,2025-04-01T12:52:23
ZOMATO,INE758T01015,2025-04-02,BSE,EQ,A,buy,false,10.000000,202.900000,841200,1743564600007442158,2025-04-02T09:31:06
M&MFIN,INE774D01024,2025-04-03,NSE,EQ,EQ,buy,false,30.000000,264.600000,400412249,1200000002239223,2025-04-03T09:18:32
HERANBA-BE,INE694N01015,2025-04-03,NSE,EQ,BE,buy,false,10.000000,243.990000,200908008,1100000005721555,2025-04-03T09:28:20
POONAWALLA,INE511C01022,2025-04-03,NSE,EQ,EQ,sell,false,55.000000,353.050000,401745602,1200000012572038,2025-04-03T09:45:17
M&MFIN,INE774D01024,2025-04-03,NSE,EQ,EQ,buy,false,20.000000,263.000000,402004788,1200000014549436,2025-04-03T09:51:11
HINDCOPPER,INE531E01026,2025-04-04,NSE,EQ,EQ,buy,false,10.000000,218.350000,200410565,1100000002609677,2025-04-04T09:19:48
TATAPOWER,INE245A01021,2025-04-04,NSE,EQ,EQ,sell,false,10.000000,378.000000,602366882,1300000015857254,2025-04-04T10:02:13
TATAPOWER,INE245A01021,2025-04-04,NSE,EQ,EQ,sell,false,40.000000,378.000000,602367748,1300000015857254,2025-04-04T10:02:13
POONAWALLA,INE511C01022,2025-04-07,NSE,EQ,EQ,buy,false,25.000000,325.000000,400085193,1200000000248347,2025-04-07T09:15:02
SBIN,INE062A01020,2025-04-07,BSE,EQ,A,sell,false,25.000000,743.700000,4550200,1743996600008926981,2025-04-07T09:37:18
ZOMATO,INE758T01015,2025-04-07,BSE,EQ,A,sell,false,60.000000,206.100000,4312200,1743996600009743090,2025-04-07T09:37:58
BMW,INE374E01021,2025-04-07,BSE,EQ,B,buy,false,20.000000,42.490000,7471200,1743996600001186918,2025-04-07T10:05:24
HINDCOPPER,INE531E01026,2025-04-07,NSE,EQ,EQ,buy,false,10.000000,190.480000,206255961,1100000042244477,2025-04-07T11:09:28
GRAPHITE,INE371A01025,2025-04-07,NSE,EQ,EQ,buy,false,5.000000,444.500000,206262524,1100000042301978,2025-04-07T11:09:44
JPPOWER,INE351F01018,2025-04-07,BSE,EQ,A,buy,false,50.000000,14.030000,14992800,1744002551336649331,2025-04-07T11:10:07
M&MFIN,INE774D01024,2025-04-07,BSE,EQ,A,buy,false,10.000000,249.300000,3940100,1744001090270612742,2025-04-07T11:10:17
LICHSGFIN,INE115A01026,2025-04-07,BSE,EQ,A,buy,false,5.000000,537.650000,12564100,1744003316370582322,2025-04-07T11:10:39
IRFC,INE053F01010,2025-04-07,BSE,EQ,A,buy,false,10.000000,120.150000,13389000,1744003821714372672,2025-04-07T11:10:50
LODHA,INE670K01029,2025-04-07,NSE,EQ,EQ,buy,false,2.000000,1113.650000,410334097,1200000083262534,2025-04-07T13:25:49
IRFC,INE053F01010,2025-04-08,BSE,EQ,A,buy,false,10.000000,124.000000,2815800,1744083000228023047,2025-04-08T09:15:00
M&MFIN,INE774D01024,2025-04-08,BSE,EQ,A,buy,false,10.000000,256.000000,477200,1744083000235002143,2025-04-08T09:15:00
TATASTEEL,INE081A01020,2025-04-08,NSE,EQ,EQ,buy,false,50.000000,134.790000,600040293,1300000000261868,2025-04-08T09:15:01
HINDCOPPER,INE531E01026,2025-04-08,NSE,EQ,EQ,buy,false,10.000000,192.000000,201303645,1100000000254783,2025-04-08T09:15:03
LODHA,INE670K01029,2025-04-08,BSE,EQ,A,buy,false,5.000000,1120.000000,608800,1744083000229010817,2025-04-08T09:15:07
GRAPHITE,INE371A01025,2025-04-08,NSE,EQ,EQ,buy,false,5.000000,457.000000,202345117,1100000000316077,2025-04-08T09:15:08
JPPOWER,INE351F01018,2025-04-08,BSE,EQ,A,buy,false,11.000000,14.500000,1341900,1744083000228169019,2025-04-08T09:15:09
JPPOWER,INE351F01018,2025-04-08,BSE,EQ,A,buy,false,39.000000,14.500000,1178900,1744083000228169019,2025-04-08T09:15:09
INSECTICID,INE070I01018,2025-04-08,NSE,EQ,EQ,buy,false,5.000000,590.000000,200508550,1100000000378762,2025-04-08T09:15:14
POONAWALLA,INE511C01022,2025-04-09,NSE,EQ,EQ,sell,false,25.000000,348.000000,402192993,1200000019435004,2025-04-09T10:13:41
LODHA,INE670K01029,2025-04-09,BSE,EQ,A,buy,false,2.000000,1120.000000,2958200,1744173252741176708,2025-04-09T10:22:13
LICHSGFIN,INE115A01026,2025-04-09,BSE,EQ,A,sell,false,10.000000,545.000000,7539000,1744175893777361992,2025-04-09T11:03:56
INSECTICID,INE070I01018,2025-04-09,BSE,EQ,B,sell,false,10.000000,630.000000,4264300,1744184274221037451,2025-04-09T13:14:00
GRAPHITE,INE371A01025,2025-04-11,BSE,EQ,A,buy,false,4.000000,458.850000,881300,1744342200016008148,2025-04-11T09:15:04
GRAPHITE,INE371A01025,2025-04-11,BSE,EQ,A,buy,false,1.000000,458.800000,881100,1744342200016008148,2025-04-11T09:15:04
JPPOWER,INE351F01018,2025-04-11,BSE,EQ,A,buy,false,50.000000,14.600000,444000,1744342200022000533,2025-04-11T09:15:04
ZENSARTECH,INE520A01027,2025-04-11,NSE,EQ,EQ,buy,false,2.000000,640.050000,600197957,1300000000333483,2025-04-11T09:15:43
ZENSARTECH,INE520A01027,2025-04-11,NSE,EQ,EQ,buy,false,13.000000,640.050000,600197958,1300000000333483,2025-04-11T09:15:43
CCL,INE421D01022,2025-04-11,NSE,EQ,EQ,sell,false,3.000000,610.250000,2633265,1000000025288322,2025-04-11T10:50:34
CCL,INE421D01022,2025-04-11,NSE,EQ,EQ,sell,false,12.000000,610.250000,2633266,1000000025288322,2025-04-11T10:50:34
IRFC,INE053F01010,2025-04-11,NSE,EQ,EQ,buy,false,10.000000,123.800000,203260238,1100000025806186,2025-04-11T10:52:09
LODHA,INE670K01029,2025-04-15,NSE,EQ,EQ,sell,false,5.000000,1181.000000,402228662,1200000014524138,2025-04-15T09:59:12
GRAPHITE,INE371A01025,2025-04-16,BSE,EQ,A,sell,false,10.000000,472.500000,1605800,1744774200026781666,2025-04-16T09:35:52
BAJAJHFL,INE377Y01014,2025-04-17,NSE,EQ,EQ,sell,false,4.000000,128.500000,1570133,1000000012132574,2025-04-17T10:01:23
BAJAJHFL,INE377Y01014,2025-04-17,NSE,EQ,EQ,sell,false,10.000000,128.500000,1570134,1000000012132574,2025-04-17T10:01:23
BAJAJHFL,INE377Y01014,2025-04-17,NSE,EQ,EQ,sell,false,6.000000,128.500000,1570135,1000000012132574,2025-04-17T10:01:23
BMW,INE374E01021,2025-04-17,BSE,EQ,B,sell,false,1.000000,48.700000,9087600,1744860600030273573,2025-04-17T13:02:35
TATATECH,INE142M01025,2025-04-21,BSE,EQ,A,buy,false,5.000000,670.000000,2192900,1745208472302145299,2025-04-21T09:42:46
ZENSARTECH,INE520A01027,2025-04-22,NSE,EQ,EQ,sell,false,12.000000,680.100000,608750551,1300000067383076,2025-04-22T15:06:15
ZENSARTECH,INE520A01027,2025-04-22,NSE,EQ,EQ,sell,false,1.000000,680.050000,608750552,1300000067383076,2025-04-22T15:06:15
ZENSARTECH,INE520A01027,2025-04-22,NSE,EQ,EQ,sell,false,2.000000,680.050000,608750553,1300000067383076,2025-04-22T15:06:15
VSSL,INE050M01012,2025-04-23,BSE,EQ,B,sell,false,50.000000,249.000000,6625900,1745379000001512171,2025-04-23T10:04:31
BMW,INE374E01021,2025-04-23,BSE,EQ,B,sell,false,95.000000,51.000000,2865200,1745379000001151391,2025-04-23T10:08:00
BMW,INE374E01021,2025-04-23,BSE,EQ,B,sell,false,5.000000,51.000000,2847400,1745379000001151391,2025-04-23T10:08:00
LICHSGFIN,INE115A01026,2025-04-23,NSE,EQ,EQ,sell,false,25.000000,600.000000,402803954,1200000019942521,2025-04-23T10:11:36
BAJAJHFL,INE377Y01014,2025-04-23,BSE,EQ,B,sell,false,30.000000,129.450000,2009700,1745382689514167760,2025-04-23T10:13:38
IRFC,INE053F01010,2025-04-23,NSE,EQ,EQ,sell,false,20.000000,130.000000,203646361,1100000026894414,2025-04-23T10:47:42
HINDCOPPER,INE531E01026,2025-04-23,BSE,EQ,A,sell,false,20.000000,220.000000,2493400,1745384760885240752,2025-04-23T10:47:47
GRAPHITE,INE371A01025,2025-04-23,BSE,EQ,A,sell,false,20.000000,475.000000,7042800,1745384765615540323,2025-04-23T10:56:07
JPPOWER,INE351F01018,2025-04-23,BSE,EQ,A,sell,false,50.000000,15.510000,6301600,1745384392578738744,2025-04-23T10:56:52
JPPOWER,INE351F01018,2025-04-23,BSE,EQ,A,sell,false,50.000000,15.520000,6301400,1745384392578738744,2025-04-23T10:56:52
VSSL,INE050M01012,2025-04-24,BSE,EQ,B,sell,false,60.000000,277.000000,2552300,1745466993075062575,2025-04-24T09:27:36
LODHA,INE670K01029,2025-04-24,NSE,EQ,EQ,sell,false,10.000000,1340.000000,401065749,1200000007366919,2025-04-24T09:29:35
BEARDSELL,INE520H01022,2025-04-24,NSE,EQ,EQ,buy,false,100.000000,29.650000,3089463,1000000028201850,2025-04-24T11:32:13
INSECTICID,INE070I01018,2025-04-24,NSE,EQ,EQ,sell,false,20.000000,730.000000,205227396,1100000041526646,2025-04-24T12:51:03
JPPOWER,INE351F01018,2025-04-25,NSE,EQ,EQ,buy,false,50.000000,14.850000,406276796,1200000053980320,2025-04-25T11:51:48
BEARDSELL,INE520H01022,2025-04-25,NSE,EQ,EQ,buy,false,1.000000,27.690000,4861707,1000000043021781,2025-04-25T11:53:59
BEARDSELL,INE520H01022,2025-04-25,NSE,EQ,EQ,buy,false,49.000000,27.700000,4861708,1000000043021781,2025-04-25T11:53:59
LODHA,INE670K01029,2025-04-25,BSE,EQ,A,sell,false,13.000000,1300.300000,12548600,1745562188519063541,2025-04-25T11:56:10
HINDCOPPER,INE531E01026,2025-04-25,NSE,EQ,EQ,buy,false,10.000000,215.000000,206045277,1100000050489486,2025-04-25T12:12:52
M&MFIN,INE774D01024,2025-04-28,NSE,EQ,EQ,sell,false,30.000000,262.000000,400273856,1200000001556599,2025-04-28T09:17:24
DHARMAJ,INE00OQ01016,2025-04-28,NSE,EQ,EQ,buy,false,1.000000,207.780000,203089980,1100000023723863,2025-04-28T10:21:59
DHARMAJ,INE00OQ01016,2025-04-28,NSE,EQ,EQ,buy,false,4.000000,207.820000,203089981,1100000023723863,2025-04-28T10:21:59
CCL,INE421D01022,2025-04-30,NSE,EQ,EQ,sell,false,10.000000,600.000000,4006918,1000000033211802,2025-04-30T11:54:51
INSECTICID,INE070I01018,2025-05-02,BSE,EQ,B,sell,false,17.000000,682.050000,52700,1746156600045047039,2025-05-02T09:15:01
BEARDSELL,INE520H01022,2025-05-02,NSE,EQ,EQ,buy,false,50.000000,27.150000,45678,1000000000219958,2025-05-02T09:15:03
DHARMAJ,INE00OQ01016,2025-05-02,NSE,EQ,EQ,buy,false,10.000000,203.000000,200315569,1100000001663451,2025-05-02T09:17:10
BMW,INE374E01021,2025-05-02,BSE,EQ,B,buy,false,51.000000,47.150000,2095200,1746156600040020633,2025-05-02T09:38:52
IGIL,INE0Q9301021,2025-05-05,NSE,EQ,EQ,buy,false,30.000000,344.950000,200046319,1100000000269100,2025-05-05T09:15:01
JPPOWER,INE351F01018,2025-05-05,BSE,EQ,A,buy,false,50.000000,14.280000,291900,1746415800013081058,2025-05-05T09:16:18
GAEL,INE036B01030,2025-05-05,NSE,EQ,EQ,buy,false,50.000000,115.000000,206479946,1100000055808633,2025-05-05T14:04:03
BMW,INE374E01021,2025-05-06,BSE,EQ,B,sell,false,350.000000,54.300000,590300,1746502200009095917,2025-05-06T09:19:22
TATASTEEL,INE081A01020,2025-05-06,BSE,EQ,A,sell,false,50.000000,142.250000,450200,1746502200012211273,2025-05-06T09:22:19
BEARDSELL,INE520H01022,2025-05-06,NSE,EQ,EQ,buy,false,33.000000,27.000000,4275451,1000000039365786,2025-05-06T12:49:11
BEARDSELL,INE520H01022,2025-05-06,NSE,EQ,EQ,buy,false,17.000000,27.000000,4275452,1000000039365786,2025-05-06T12:49:11
YUKEN,INE384C01016,2025-05-06,NSE,EQ,EQ,buy,false,3.000000,783.800000,606016721,1300000053093096,2025-05-06T14:16:45
YUKEN,INE384C01016,2025-05-06,NSE,EQ,EQ,buy,false,3.000000,783.850000,606016722,1300000053093096,2025-05-06T14:16:45
YUKEN,INE384C01016,2025-05-06,NSE,EQ,EQ,buy,false,4.000000,783.400000,606016720,1300000053093096,2025-05-06T14:16:45
IRFC,INE053F01010,2025-05-06,NSE,EQ,EQ,buy,false,10.000000,121.250000,206358739,1100000057659091,2025-05-06T14:18:02
NATIONALUM,INE139A01034,2025-05-06,NSE,EQ,EQ,buy,false,50.000000,155.000000,406307427,1200000063352519,2025-05-06T14:55:00
CCL,INE421D01022,2025-05-07,BSE,EQ,A,sell,false,25.000000,680.000000,548200,1746588600011003552,2025-05-07T09:15:02
BEARDSELL,INE520H01022,2025-05-07,NSE,EQ,EQ,buy,false,50.000000,26.700000,965699,1000000001929437,2025-05-07T09:17:56
ITDC,INE353K01014,2025-05-07,NSE,EQ,EQ,buy,false,5.000000,530.000000,202219983,1100000016825369,2025-05-07T09:53:59
ITDC,INE353K01014,2025-05-07,NSE,EQ,EQ,buy,false,15.000000,530.000000,202219984,1100000016825369,2025-05-07T09:53:59
HINDCOPPER,INE531E01026,2025-05-07,NSE,EQ,EQ,buy,false,10.000000,210.000000,204657253,1100000043311381,2025-05-07T11:43:35
IRFC,INE053F01010,2025-05-07,NSE,EQ,EQ,buy,false,10.000000,121.500000,209044778,1100000080805074,2025-05-07T15:25:58
JPPOWER,INE351F01018,2025-05-08,BSE,EQ,A,buy,false,50.000000,13.800000,217100,1746675000236011393,2025-05-08T09:15:06
AARTIDRUGS,INE767A01016,2025-05-08,NSE,EQ,EQ,sell,false,15.000000,420.000000,152163,1000000000608639,2025-05-08T09:15:42
GAEL,INE036B01030,2025-05-08,NSE,EQ,EQ,buy,false,30.000000,114.200000,204151079,1100000035249720,2025-05-08T12:20:11
DHARMAJ,INE00OQ01016,2025-05-08,NSE,EQ,EQ,sell,false,30.000000,233.110000,207507287,1100000062611911,2025-05-08T14:55:57
POLYPLEX,INE633B01018,2025-05-09,NSE,EQ,EQ,buy,false,1.000000,1178.900000,400075478,1200000000328003,2025-05-09T09:15:12
POLYPLEX,INE633B01018,2025-05-09,NSE,EQ,EQ,buy,false,4.000000,1178.900000,400075477,1200000000328003,2025-05-09T09:15:12
GRAPHITE,INE371A01025,2025-05-09,NSE,EQ,EQ,sell,false,6.000000,440.000000,200322185,1100000001572840,2025-05-09T09:16:57
GRAPHITE,INE371A01025,2025-05-09,NSE,EQ,EQ,sell,false,4.000000,440.000000,200322189,1100000001572840,2025-05-09T09:16:57
M&MFIN,INE774D01024,2025-05-12,BSE,EQ,A,buy,false,20.000000,254.850000,2392300,1747020600054001777,2025-05-12T09:15:04
SELAN,INE818A01017,2025-05-12,NSE,EQ,EQ,buy,false,10.000000,515.000000,600167357,1300000000422586,2025-05-12T09:15:08
DHARMAJ,INE00OQ01016,2025-05-13,NSE,EQ,EQ,sell,false,20.000000,238.000000,200406826,1100000002334421,2025-05-13T09:18:15
NATIONALUM,INE139A01034,2025-05-13,BSE,EQ,A,sell,false,50.000000,166.000000,5535400,1747120679914850639,2025-05-13T13:45:06
JPPOWER,INE351F01018,2025-05-14,BSE,EQ,A,buy,false,50.000000,14.650000,9662600,1747202112695050794,2025-05-14T11:29:58
YUKEN,INE384C01016,2025-05-14,NSE,EQ,EQ,sell,false,1.000000,878.550000,604346848,1300000034408214,2025-05-14T11:33:29
YUKEN,INE384C01016,2025-05-14,NSE,EQ,EQ,sell,false,1.000000,878.500000,604346849,1300000034408214,2025-05-14T11:33:29
YUKEN,INE384C01016,2025-05-14,NSE,EQ,EQ,sell,false,4.000000,878.450000,604346850,1300000034408214,2025-05-14T11:33:29
YUKEN,INE384C01016,2025-05-16,BSE,EQ,B,sell,false,1.000000,950.000000,3316200,1747366200001086108,2025-05-16T09:27:43
YUKEN,INE384C01016,2025-05-16,BSE,EQ,B,sell,false,1.000000,950.000000,3315200,1747366200001086108,2025-05-16T09:27:43
YUKEN,INE384C01016,2025-05-16,BSE,EQ,B,sell,false,1.000000,950.000000,3315400,1747366200001086108,2025-05-16T09:27:43
YUKEN,INE384C01016,2025-05-16,BSE,EQ,B,sell,false,1.000000,950.000000,3315600,1747366200001086108,2025-05-16T09:27:43
YUKEN,INE384C01016,2025-05-16,BSE,EQ,B,sell,false,5.000000,950.000000,3315800,1747366200001086108,2025-05-16T09:27:43
YUKEN,INE384C01016,2025-05-16,BSE,EQ,B,sell,false,1.000000,950.000000,3316000,1747366200001086108,2025-05-16T09:27:43
IGIL,INE0Q9301021,2025-05-16,BSE,EQ,B,sell,false,1.000000,376.000000,9304600,1747369048120746977,2025-05-16T10:13:50
IGIL,INE0Q9301021,2025-05-16,BSE,EQ,B,sell,false,6.000000,376.000000,9305600,1747369048120746977,2025-05-16T10:13:50
IGIL,INE0Q9301021,2025-05-16,BSE,EQ,B,sell,false,13.000000,376.000000,9370000,1747369048120746977,2025-05-16T10:13:50
IGIL,INE0Q9301021,2025-05-16,BSE,EQ,B,sell,false,10.000000,376.000000,9349800,1747369048120746977,2025-05-16T10:13:50
FIVESTAR,INE128S01021,2025-05-19,NSE,EQ,EQ,buy,false,20.000000,670.000000,202446529,1100000014803326,2025-05-19T09:45:19
GRAPHITE,INE371A01025,2025-05-19,NSE,EQ,EQ,sell,false,20.000000,543.500000,204122004,1100000028985319,2025-05-19T10:30:25
JPPOWER,INE351F01018,2025-05-19,BSE,EQ,A,sell,false,200.000000,15.360000,13146200,1747630331365361100,2025-05-19T10:34:49
IRFC,INE053F01010,2025-05-20,NSE,EQ,EQ,sell,false,100.000000,138.000000,200572232,1100000003343297,2025-05-20T09:20:14
BEARDSELL,INE520H01022,2025-05-20,NSE,EQ,EQ,sell,false,300.000000,30.500000,937091,1000000006370447,2025-05-20T09:28:50
ITDC,INE353K01014,2025-05-20,BSE,EQ,B,sell,false,20.000000,600.000000,1601000,1747711800000513879,2025-05-20T09:30:23
TATATECH,INE142M01025,2025-05-20,BSE,EQ,A,sell,false,10.000000,755.000000,15519700,1747720045690576895,2025-05-20T11:49:06
SELAN,INE818A01017,2025-05-20,BSE,EQ,B,sell,false,10.000000,565.000000,7291700,1747722027361846310,2025-05-20T12:31:06
POLYPLEX,INE633B01018,2025-05-20,BSE,EQ,A,sell,false,5.000000,1280.000000,7116600,1747726547767679621,2025-05-20T14:13:42
HINDCOPPER,INE531E01026,2025-05-21,BSE,EQ,A,sell,false,30.000000,224.000000,339900,1747798200085111876,2025-05-21T09:19:53
M&MFIN-RE1-R,INE774D20024,2025-05-26,BSE,EQ,R,sell,false,7.000000,59.500000,14300,1748230200011003079,2025-05-26T09:15:02
BAJAJHFL,INE377Y01014,2025-05-27,NSE,EQ,EQ,buy,false,1.000000,123.510000,5885088,1000000059214068,2025-05-27T14:29:23
GAEL,INE036B01030,2025-05-28,NSE,EQ,EQ,buy,false,10.000000,114.630000,202339445,1100000018633580,2025-05-28T10:07:15
YUKEN,INE384C01016,2025-05-28,BSE,EQ,B,sell,false,9.000000,1051.200000,33796500,1748425787976120736,2025-05-28T15:29:56
YUKEN,INE384C01016,2025-05-28,BSE,EQ,B,sell,false,1.000000,1051.200000,33792000,1748425787976120736,2025-05-28T15:29:56
HINDCOPPER,INE531E01026,2025-05-30,BSE,EQ,A,sell,false,50.000000,247.000000,1235300,1748579404050484980,2025-05-30T10:24:15
AARTIDRUGS,INE767A01016,2025-05-30,BSE,EQ,B,sell,false,1.000000,460.050000,4379800,1748580213754627752,2025-05-30T10:32:42
AARTIDRUGS,INE767A01016,2025-05-30,BSE,EQ,B,sell,false,25.000000,460.000000,4380000,1748580213754627752,2025-05-30T10:32:42
AARTIDRUGS,INE767A01016,2025-05-30,BSE,EQ,B,sell,false,1.000000,460.000000,4380100,1748580213754627752,2025-05-30T10:32:42
AARTIDRUGS,INE767A01016,2025-05-30,BSE,EQ,B,sell,false,23.000000,460.000000,4380300,1748580213754627752,2025-05-30T10:32:42
BAJAJHFL,INE377Y01014,2025-06-02,NSE,EQ,EQ,buy,false,1.000000,122.390000,5243244,1000000049655914,2025-06-02T13:34:25
YUKEN,INE384C01016,2025-06-03,NSE,EQ,EQ,sell,false,11.000000,1053.100000,601487562,1300000009407360,2025-06-03T09:37:33
YUKEN,INE384C01016,2025-06-03,NSE,EQ,EQ,sell,false,2.000000,1052.800000,601487563,1300000009407360,2025-06-03T09:37:33
HINDCOPPER,INE531E01026,2025-06-03,NSE,EQ,EQ,sell,false,50.000000,252.000000,202925331,1100000021780954,2025-06-03T10:16:40
HERANBA-T,INE694N01015,2025-06-03,BSE,EQ,T,sell,false,15.000000,298.800000,161900,1748923200000000043,2025-06-03T10:34:04
FINPIPE,INE183A01024,2025-06-04,NSE,EQ,EQ,buy,false,46.000000,217.670000,200265366,1100000000276190,2025-06-04T09:15:00
FIVESTAR,INE128S01021,2025-06-04,NSE,EQ,EQ,buy,false,4.000000,684.950000,200045560,1100000000321337,2025-06-04T09:15:03
ITC,INE154A01025,2025-06-04,NSE,EQ,EQ,buy,false,23.000000,418.000000,200062435,1100000000411310,2025-06-04T09:15:10
IRFC,INE053F01010,2025-06-04,NSE,EQ,EQ,sell,false,120.000000,140.100000,201129580,1100000008594460,2025-06-04T09:35:32
BBL,INE464A01036,2025-06-04,NSE,EQ,EQ,buy,false,1.000000,2899.900000,2531152,1000000022887552,2025-06-04T10:45:12
COALINDIA,INE522F01014,2025-06-04,NSE,EQ,EQ,buy,false,25.000000,393.450000,3695398,1000000034107470,2025-06-04T12:02:41
PNCINFRA,INE195J01029,2025-06-05,NSE,EQ,EQ,sell,false,10.000000,300.000000,401362222,1200000011136622,2025-06-05T09:47:37
VBL,INE200M01039,2025-06-05,NSE,EQ,EQ,buy,false,21.000000,472.500000,601956528,1300000013632358,2025-06-05T09:53:40
PNCINFRA,INE195J01029,2025-06-05,NSE,EQ,EQ,sell,false,10.000000,316.500000,402488164,1200000021261452,2025-06-05T10:37:59
BBL,INE464A01036,2025-06-06,NSE,EQ,EQ,sell,false,1.000000,3039.300000,492710,1000000002956161,2025-06-06T09:19:37
RPGLIFE,INE105J01010,2025-06-06,NSE,EQ,EQ,buy,false,1.000000,2138.300000,606178760,1300000051925267,2025-06-06T13:14:03
RPGLIFE,INE105J01010,2025-06-06,NSE,EQ,EQ,buy,false,3.000000,2138.400000,606178761,1300000051925267,2025-06-06T13:14:03
FIVESTAR,INE128S01021,2025-06-06,NSE,EQ,EQ,sell,false,24.000000,735.000000,206958039,1100000059622334,2025-06-06T13:21:28
PNCINFRA,INE195J01029,2025-06-09,NSE,EQ,EQ,sell,false,10.000000,318.850000,402215091,1200000016805863,2025-06-09T10:05:35
JPPOWER,INE351F01018,2025-06-10,BSE,EQ,A,sell,false,800.000000,17.300000,1612100,1749526200005620496,2025-06-10T09:22:56
DHARMAJ-BE,INE00OQ01016,2025-06-10,NSE,EQ,BE,sell,false,30.000000,263.000000,205448227,1100000039381063,2025-06-10T12:05:31
DHARMAJ-BE,INE00OQ01016,2025-06-10,NSE,EQ,BE,sell,false,50.000000,263.000000,205330024,1100000039381063,2025-06-10T12:05:31
ELECTCAST,INE086A01029,2025-06-10,BSE,EQ,A,sell,false,30.000000,116.050000,6223300,1749541090271808035,2025-06-10T14:17:13
ELECTCAST,INE086A01029,2025-06-11,NSE,EQ,EQ,sell,false,20.000000,123.570000,204147007,1100000032422256,2025-06-11T11:19:11
M&MFIN,INE774D01024,2025-06-12,NSE,EQ,EQ,sell,false,2.000000,275.800000,403600902,1200000037343592,2025-06-12T11:45:37
M&MFIN,INE774D01024,2025-06-12,NSE,EQ,EQ,sell,false,3.000000,275.800000,403600901,1200000037343592,2025-06-12T11:45:37
M&MFIN,INE774D01024,2025-06-12,NSE,EQ,EQ,sell,false,55.000000,275.800000,403600903,1200000037343592,2025-06-12T11:45:37
SHAILY,INE151G01028,2025-06-12,NSE,EQ,EQ,buy,false,1.000000,1775.900000,606599754,1300000052877144,2025-06-12T13:07:00
SHAILY,INE151G01028,2025-06-12,NSE,EQ,EQ,buy,false,4.000000,1776.000000,606599755,1300000052877144,2025-06-12T13:07:00
SHAILY,INE151G01028,2025-06-12,NSE,EQ,EQ,buy,false,1.000000,1775.900000,606599752,1300000052877144,2025-06-12T13:07:00
SHAILY,INE151G01028,2025-06-12,NSE,EQ,EQ,buy,false,1.000000,1775.900000,606599753,1300000052877144,2025-06-12T13:07:00
BBL,INE464A01036,2025-06-12,NSE,EQ,EQ,buy,false,3.000000,2967.100000,5467551,1000000051466576,2025-06-12T14:09:31
TATATECH,INE142M01025,2025-06-12,NSE,EQ,EQ,sell,false,3.000000,765.350000,609466871,1300000076741910,2025-06-12T14:58:56
COALINDIA,INE522F01014,2025-06-13,BSE,EQ,A,buy,false,25.000000,388.150000,238600,1749785400114041168,2025-06-13T09:15:09
INDUSTOWER,INE121J01017,2025-06-13,NSE,EQ,EQ,buy,false,26.000000,376.650000,200124924,1100000000515722,2025-06-13T09:15:11
NCC,INE868B01028,2025-06-13,NSE,EQ,EQ,buy,false,42.000000,226.230000,400083583,1200000000378827,2025-06-13T09:15:11
ITC,INE154A01025,2025-06-13,NSE,EQ,EQ,buy,false,23.000000,415.000000,208367812,1100000073728910,2025-06-13T14:06:20
VBL,INE200M01039,2025-06-16,NSE,EQ,EQ,buy,false,20.000000,460.000000,603610508,1300000031102552,2025-06-16T10:42:28
BBL,INE464A01036,2025-06-17,NSE,EQ,EQ,buy,false,3.000000,2950.000000,41298,1000000000274945,2025-06-17T09:15:03
POLYPLEX,INE633B01018,2025-06-17,NSE,EQ,EQ,buy,false,7.000000,1250.000000,404255606,1200000043683493,2025-06-17T12:45:21
NCC,INE868B01028,2025-06-18,NSE,EQ,EQ,buy,false,43.000000,223.450000,403562340,1200000002684421,2025-06-18T09:20:15
INFY,INE009A01021,2025-06-18,NSE,EQ,EQ,buy,false,8.000000,1632.400000,203751436,1100000036496897,2025-06-18T11:21:03
RPGLIFE,INE105J01010,2025-06-18,NSE,EQ,EQ,sell,false,4.000000,2300.000000,603774480,1300000034872026,2025-06-18T11:32:24
LXCHEM,INE576O01020,2025-06-18,NSE,EQ,EQ,buy,false,1.000000,193.580000,403156552,1200000039062028,2025-06-18T11:58:44
LXCHEM,INE576O01020,2025-06-18,NSE,EQ,EQ,buy,false,52.000000,193.570000,403156551,1200000039062028,2025-06-18T11:58:44
LXCHEM,INE576O01020,2025-06-18,NSE,EQ,EQ,buy,false,7.000000,193.560000,403156550,1200000039062028,2025-06-18T11:58:44
BAJAJHFL,INE377Y01014,2025-06-18,NSE,EQ,EQ,buy,false,20.000000,120.530000,2832759,1000000032845106,2025-06-18T12:00:27
TORNTPOWER,INE813H01021,2025-06-18,NSE,EQ,EQ,buy,false,7.000000,1385.000000,606269402,1300000049951631,2025-06-18T13:00:32
FINPIPE,INE183A01024,2025-06-19,NSE,EQ,EQ,sell,false,46.000000,230.400000,200205529,1100000001625097,2025-06-19T09:17:01
BBL,INE464A01036,2025-06-19,NSE,EQ,EQ,buy,false,4.000000,2855.000000,1862186,1000000019599821,2025-06-19T10:33:19
AGARIND,INE204E01012,2025-06-19,NSE,EQ,EQ,buy,false,10.000000,955.000000,3287140,1000000036870884,2025-06-19T12:18:46
INDUSTOWER,INE121J01017,2025-06-19,NSE,EQ,EQ,sell,false,26.000000,389.500000,208841183,1100000087690568,2025-06-19T15:19:39
SYRMA,INE0DYJ01015,2025-06-20,NSE,EQ,EQ,buy,false,18.000000,505.000000,600658210,1300000005133472,2025-06-20T09:24:10
POLYPLEX,INE633B01018,2025-06-20,NSE,EQ,EQ,buy,false,8.000000,1210.000000,403946485,1200000009470457,2025-06-20T09:35:42
ELECTCAST,INE086A01029,2025-06-20,NSE,EQ,EQ,buy,false,10.000000,124.930000,201623782,1100000015036981,2025-06-20T09:48:45
JPPOWER,INE351F01018,2025-06-23,NSE,EQ,EQ,sell,false,801.000000,17.160000,201823667,1100000017047681,2025-06-23T09:53:12
JPPOWER,INE351F01018,2025-06-23,NSE,EQ,EQ,sell,false,99.000000,17.160000,201823666,1100000017047681,2025-06-23T09:53:12
SAIL,INE114A01011,2025-06-24,NSE,EQ,EQ,buy,false,78.000000,129.000000,600208591,1300000000630922,2025-06-24T09:15:26
SYRMA,INE0DYJ01015,2025-06-24,NSE,EQ,EQ,sell,false,18.000000,530.000000,607741568,1300000077603068,2025-06-24T15:00:01
